<record><header><identifier>oai:alma.41SLSP_UGE:991000810939705502</identifier><datestamp>2023-06-30T00:18:39Z</datestamp><setSpec>uge_bcen_RapidILL_BOOK</setSpec><setSpec>uge_aaca_RapidILL_BOOK</setSpec><setSpec>uge_abels_RapidILL_BOOK</setSpec><setSpec>uge_dbu_RapidILL_BOOK</setSpec><setSpec>uge_cmu_RapidILL_BOOK</setSpec><setSpec>uge_mail_RapidILL_BOOK</setSpec><setSpec>uge_abbat_RapidILL_BOOK</setSpec><setSpec>UNIGE_ALL</setSpec><setSpec>uge_aobs_RapidILL_BOOK</setSpec><setSpec>uge_acar_RapidILL_BOOK</setSpec></header><metadata>
<record xmlns="http://www.loc.gov/MARC21/slim" xmlns:xsi="http://www.w3.org/2001/XMLSchema-instance" xsi:schemaLocation="http://www.loc.gov/MARC21/slim http://www.loc.gov/standards/marcxml/schema/MARC21slim.xsd"><leader>01833naa a2200385 c 4500</leader><controlfield tag="001">991000810939705502</controlfield><controlfield tag="005">20230629194058.0</controlfield><controlfield tag="008">120330s2012    sz ||||| |||| 00| ||fre d</controlfield><datafield ind1=" " ind2=" " tag="035"><subfield code="a">(swissbib)115752404-41slsp_network</subfield></datafield><datafield ind1=" " ind2=" " tag="035"><subfield code="a">115752404</subfield><subfield code="9">ExL</subfield></datafield><datafield ind1=" " ind2=" " tag="035"><subfield code="a">(RERO)R007033801-41slsp</subfield></datafield><datafield ind1=" " ind2=" " tag="035"><subfield code="a">(EXLNZ-41SLSP_NETWORK)991004317999705501</subfield></datafield><datafield ind1=" " ind2=" " tag="040"><subfield code="a">RERO iftflu</subfield><subfield code="d">CH-ZuSLS</subfield></datafield><datafield ind1=" " ind2=" " tag="044"><subfield code="a">sz</subfield><subfield code="c">ch-vd</subfield></datafield><datafield ind1=" " ind2="7" tag="072"><subfield code="a">dr</subfield><subfield code="2">rero</subfield></datafield><datafield ind1=" " ind2=" " tag="084"><subfield code="a">CA/CH 57.1 i</subfield><subfield code="2">cjurrom</subfield></datafield><datafield ind1="1" ind2=" " tag="100"><subfield code="a">Maillard, Alain</subfield><subfield code="c">secrétaire patronal</subfield><subfield code="0">(RERO)A013754814</subfield><subfield code="4">cre</subfield></datafield><datafield ind1="1" ind2="0" tag="245"><subfield code="a">&lt;&lt;La&gt;&gt; 6e révision de l'assurance-invalidité</subfield><subfield code="c">Alain Maillard</subfield></datafield><datafield ind1=" " ind2=" " tag="336"><subfield code="b">txt</subfield><subfield code="2">rdacontent</subfield></datafield><datafield ind1=" " ind2=" " tag="337"><subfield code="b">n</subfield><subfield code="2">rdamedia</subfield></datafield><datafield ind1=" " ind2=" " tag="338"><subfield code="b">nc</subfield><subfield code="2">rdacarrier</subfield></datafield><datafield ind1=" " ind2=" " tag="580"><subfield code="a">In: Questions de droit. - Lausanne. - 2012, no 74, p. 3-6</subfield></datafield><datafield ind1=" " ind2="7" tag="650"><subfield code="a">IV</subfield><subfield code="9">ger</subfield><subfield code="0">(RERO)jurivoc000012152ger</subfield><subfield code="2">jurivoc</subfield></datafield><datafield ind1=" " ind2="7" tag="650"><subfield code="a">Eingliederung vor Rente</subfield><subfield code="9">ger</subfield><subfield code="0">(RERO)jurivoc000006408ger</subfield><subfield code="2">jurivoc</subfield></datafield><datafield ind1=" " ind2="7" tag="650"><subfield code="a">Wiedereingliederung von Rentenbezügern</subfield><subfield code="9">ger</subfield><subfield code="0">(RERO)jurivoc000050003ger</subfield><subfield code="2">jurivoc</subfield></datafield><datafield ind1=" " ind2="7" tag="650"><subfield code="a">Finanzierung der Versicherung</subfield><subfield code="9">ger</subfield><subfield code="0">(RERO)jurivoc000008362ger</subfield><subfield code="2">jurivoc</subfield></datafield><datafield ind1=" " ind2="7" tag="650"><subfield code="a">Finanzierung(AHV/IV/EO)</subfield><subfield code="9">ger</subfield><subfield code="0">(RERO)jurivoc000008364ger</subfield><subfield code="2">jurivoc</subfield></datafield><datafield ind1=" " ind2="7" tag="650"><subfield code="a">Arbeitgeber</subfield><subfield code="9">ger</subfield><subfield code="0">(RERO)jurivoc000001607ger</subfield><subfield code="2">jurivoc</subfield></datafield><datafield ind1=" " ind2="7" tag="650"><subfield code="a">Integrationsmassnahme(Art. 14a IVG)</subfield><subfield code="9">ger</subfield><subfield code="0">(RERO)jurivoc000011823ger</subfield><subfield code="2">jurivoc</subfield></datafield><datafield ind1=" " ind2="7" tag="650"><subfield code="a">Massnahme beruflicher Art</subfield><subfield code="9">ger</subfield><subfield code="0">(RERO)jurivoc000014722ger</subfield><subfield code="2">jurivoc</subfield></datafield><datafield ind1=" " ind2="7" tag="650"><subfield code="a">Hilfsmittel</subfield><subfield code="9">ger</subfield><subfield code="0">(RERO)jurivoc000011163ger</subfield><subfield code="2">jurivoc</subfield></datafield><datafield ind1=" " ind2="7" tag="650"><subfield code="a">Abgabe von Hilfsmitteln</subfield><subfield code="9">ger</subfield><subfield code="0">(RERO)jurivoc000000125ger</subfield><subfield code="2">jurivoc</subfield></datafield><datafield ind1=" " ind2="7" tag="650"><subfield code="a">Assistenzbeitrag</subfield><subfield code="9">ger</subfield><subfield code="0">(RERO)jurivoc000001871ger</subfield><subfield code="2">jurivoc</subfield></datafield><datafield ind1=" " ind2="7" tag="650"><subfield code="a">Revision(Rechtssetzung)</subfield><subfield code="9">ger</subfield><subfield code="0">(RERO)jurivoc000018895ger</subfield><subfield code="2">jurivoc</subfield></datafield><datafield ind1=" " ind2="7" tag="651"><subfield code="a">Schweiz</subfield><subfield code="9">ger</subfield><subfield code="0">(RERO)jurivoc000019912ger</subfield><subfield code="2">jurivoc</subfield></datafield><datafield ind1="0" ind2=" " tag="773"><subfield code="t">Questions de droit. Centre patronal</subfield><subfield code="g">2012/74/3</subfield><subfield code="g">yr:2012</subfield><subfield code="w">(RERO)R264278760-41slsp</subfield></datafield></record>
</metadata></record>