<record><header><identifier>oai:alma.41SLSP_UGE:991000811149705502</identifier><datestamp>2023-10-26T00:42:03Z</datestamp><setSpec>uge_bcen_RapidILL_BOOK</setSpec><setSpec>uge_aaca_RapidILL_BOOK</setSpec><setSpec>uge_abels_RapidILL_BOOK</setSpec><setSpec>uge_dbu_RapidILL_BOOK</setSpec><setSpec>uge_cmu_RapidILL_BOOK</setSpec><setSpec>uge_mail_RapidILL_BOOK</setSpec><setSpec>uge_abbat_RapidILL_BOOK</setSpec><setSpec>UNIGE_ALL</setSpec><setSpec>uge_acar_RapidILL_BOOK</setSpec><setSpec>uge_aobs_RapidILL_BOOK</setSpec></header><metadata>
<record xmlns="http://www.loc.gov/MARC21/slim" xmlns:xsi="http://www.w3.org/2001/XMLSchema-instance" xsi:schemaLocation="http://www.loc.gov/MARC21/slim http://www.loc.gov/standards/marcxml/schema/MARC21slim.xsd"><leader>02696nam a2200673 c 4500</leader><controlfield tag="001">991000811149705502</controlfield><controlfield tag="005">20230408054908.0</controlfield><controlfield tag="008">201012s2007    fr ||||| |||| 00| ||fre d</controlfield><datafield ind1=" " ind2=" " tag="020"><subfield code="a">9782745315342</subfield></datafield><datafield ind1=" " ind2=" " tag="035"><subfield code="a">(swissbib)240403711-41slsp_network</subfield></datafield><datafield ind1=" " ind2=" " tag="035"><subfield code="a">240403711</subfield><subfield code="9">ExL</subfield></datafield><datafield ind1=" " ind2=" " tag="035"><subfield code="a">(RERO)R004549620-41slsp</subfield></datafield><datafield ind1=" " ind2=" " tag="035"><subfield code="a">(IDSBB)004325574DSV01</subfield></datafield><datafield ind1=" " ind2=" " tag="035"><subfield code="a">(NEBIS)005486716EBI01</subfield></datafield><datafield ind1=" " ind2=" " tag="035"><subfield code="a">(EXLNZ-41SLSP_NETWORK)991029762369705501</subfield></datafield><datafield ind1=" " ind2=" " tag="040"><subfield code="a">RERO gevbge</subfield><subfield code="d">CH-ZuSLS</subfield></datafield><datafield ind1="1" ind2=" " tag="041"><subfield code="a">fro</subfield><subfield code="h">lat</subfield></datafield><datafield ind1=" " ind2=" " tag="044"><subfield code="a">sz</subfield><subfield code="c">ch-ge</subfield></datafield><datafield ind1=" " ind2="7" tag="072"><subfield code="a">th</subfield><subfield code="2">rero</subfield></datafield><datafield ind1=" " ind2="7" tag="072"><subfield code="a">fm</subfield><subfield code="2">rero</subfield></datafield><datafield ind1=" " ind2="7" tag="072"><subfield code="a">fr</subfield><subfield code="2">SzZuIDS BS/BE</subfield></datafield><datafield ind1=" " ind2="7" tag="072"><subfield code="a">kp</subfield><subfield code="2">SzZuIDS BS/BE</subfield></datafield><datafield ind1="1" ind2=" " tag="080"><subfield code="a">840&quot;08/14&quot;GRE7Pas</subfield></datafield><datafield ind1="0" ind2="4" tag="082"><subfield code="a">848.1</subfield><subfield code="2">22</subfield></datafield><datafield ind1="0" ind2="4" tag="082"><subfield code="a">253</subfield></datafield><datafield ind1="1" ind2="4" tag="082"><subfield code="a">253</subfield><subfield code="2">22</subfield></datafield><datafield ind1="1" ind2="4" tag="082"><subfield code="a">230.1</subfield><subfield code="2">21</subfield></datafield><datafield ind1="1" ind2="4" tag="082"><subfield code="a">230</subfield><subfield code="2">21</subfield></datafield><datafield ind1="1" ind2="4" tag="082"><subfield code="a">843</subfield><subfield code="2">1</subfield></datafield><datafield ind1=" " ind2=" " tag="084"><subfield code="a">IE 8927</subfield><subfield code="2">rvk</subfield></datafield><datafield ind1="0" ind2=" " tag="100"><subfield code="a">Grégoire</subfield><subfield code="b">I</subfield><subfield code="c">pape</subfield><subfield code="d">0540?-0604</subfield><subfield code="0">(IDREF)026657929</subfield><subfield code="4">cre</subfield></datafield><datafield ind1="1" ind2="0" tag="240"><subfield code="a">Regula pastoralis</subfield></datafield><datafield ind1="1" ind2="0" tag="245"><subfield code="a">&lt;&lt;Le&gt;&gt; pastoralet</subfield><subfield code="b">traduction médiévale française de la &quot;Regula pastoralis&quot;</subfield><subfield code="c">Grégoire le Grand ; éd. critique du manuscrit 868 de la Bibliothèque municipale de Lyon ; éd. en vis-à-vis du manuscrit Cotton Vitellius F VII de la British Library de Londres ; publ. par Martine Pagan</subfield></datafield><datafield ind1=" " ind2="1" tag="264"><subfield code="a">Paris</subfield><subfield code="b">H. Champion</subfield><subfield code="a">Genève</subfield><subfield code="b">diff. Slatkine</subfield><subfield code="c">2007</subfield></datafield><datafield ind1=" " ind2=" " tag="300"><subfield code="a">584 p.</subfield><subfield code="c">18 cm</subfield></datafield><datafield ind1=" " ind2=" " tag="336"><subfield code="b">txt</subfield><subfield code="2">rdacontent</subfield></datafield><datafield ind1=" " ind2=" " tag="337"><subfield code="b">n</subfield><subfield code="2">rdamedia</subfield></datafield><datafield ind1=" " ind2=" " tag="338"><subfield code="b">nc</subfield><subfield code="2">rdacarrier</subfield></datafield><datafield ind1="1" ind2=" " tag="490"><subfield code="a">Les classiques français du moyen âge</subfield><subfield code="v">154</subfield></datafield><datafield ind1=" " ind2=" " tag="500"><subfield code="a">Betrifft die Handschrift Cod. 79 der Burgerbibliothek Bern (Rez. in: Scriptorium 62(2008), S. 167*).</subfield><subfield code="5">B440</subfield></datafield><datafield ind1=" " ind2=" " tag="500"><subfield code="a">Originaltitel: Regula pastoralis</subfield></datafield><datafield ind1="0" ind2="7" tag="600"><subfield code="a">Grégoire</subfield><subfield code="c">(pape</subfield><subfield code="b">1).</subfield><subfield code="t">Règle pastorale</subfield><subfield code="0">(RERO)A009994888</subfield><subfield code="2">rero</subfield></datafield><datafield ind1=" " ind2="7" tag="650"><subfield code="a">Seelsorge</subfield><subfield code="2">idszbz</subfield></datafield><datafield ind1=" " ind2="7" tag="650"><subfield code="a">Bischof</subfield><subfield code="2">idszbz</subfield></datafield><datafield ind1=" " ind2="7" tag="650"><subfield code="a">Kirchenleitung</subfield><subfield code="2">idszbz</subfield></datafield><datafield ind1=" " ind2="7" tag="650"><subfield code="a">Altfranzösisch</subfield><subfield code="0">(DE-588)4001516-6</subfield><subfield code="2">gnd</subfield></datafield><datafield ind1=" " ind2="7" tag="650"><subfield code="a">Übersetzung</subfield><subfield code="0">(DE-588)4061418-9</subfield><subfield code="2">gnd</subfield></datafield><datafield ind1=" " ind2="0" tag="650"><subfield code="a">Pastoral theology</subfield><subfield code="v">Early works to 1800</subfield></datafield><datafield ind1=" " ind2="7" tag="655"><subfield code="a">Quelle</subfield><subfield code="2">idszbz</subfield></datafield><datafield ind1=" " ind2="7" tag="655"><subfield code="a">Kommentar</subfield><subfield code="2">gnd-content</subfield></datafield><datafield ind1=" " ind2=" " tag="690"><subfield code="a">Handschrift Mittelalter Regula pastoralis</subfield><subfield code="2">bsb-BB</subfield></datafield><datafield ind1="0" ind2=" " tag="700"><subfield code="a">Gregor</subfield><subfield code="b">I.</subfield><subfield code="c">Papst</subfield><subfield code="d">542-604</subfield><subfield code="0">(DE-588)118541838</subfield></datafield><datafield ind1="1" ind2=" " tag="700"><subfield code="a">Pagan, Martine</subfield></datafield><datafield ind1="1" ind2=" " tag="700"><subfield code="a">Pagan-Reymond, Martine</subfield><subfield code="0">(IDREF)030204429</subfield></datafield><datafield ind1="4" ind2=" " tag="856"><subfield code="3">Inhaltsverzeichnis</subfield><subfield code="u">http://www.ub.unibas.ch/tox/HBZ/HT015336010/PDF</subfield><subfield code="q">pdf</subfield></datafield><datafield ind1=" " ind2="0" tag="830"><subfield code="a">&lt;&lt;Les&gt;&gt; classiques français du Moyen Age</subfield><subfield code="v">154</subfield><subfield code="w">(RERO)0038708-41slsp</subfield></datafield><datafield ind1=" " ind2="0" tag="830"><subfield code="a">&lt;&lt;Les&gt;&gt; classiques français du moyen âge</subfield><subfield code="v">154</subfield><subfield code="w">(NEBIS)000987675EBI01</subfield></datafield><datafield ind1=" " ind2=" " tag="900"><subfield code="f">IDSBxseklit b440</subfield><subfield code="x">BBB Cod. 79</subfield></datafield><datafield ind1=" " ind2=" " tag="900"><subfield code="a">IDSZ2zbzmon200801f</subfield><subfield code="c">IDSZ2sage</subfield><subfield code="d">IDSZ2zbzswk200801b</subfield><subfield code="e">IDSZ2haag</subfield></datafield><datafield ind1=" " ind2=" " tag="949"><subfield code="a">http://www.ub.unibas.ch/tox/HBZ/HT015336010/PDF</subfield></datafield></record>
</metadata></record>