<record><header><identifier>oai:alma.41SLSP_UGE:991000811359705502</identifier><datestamp>2023-06-26T00:15:31Z</datestamp><setSpec>UNIGE_ALL</setSpec></header><metadata>
<record xmlns="http://www.loc.gov/MARC21/slim" xmlns:xsi="http://www.w3.org/2001/XMLSchema-instance" xsi:schemaLocation="http://www.loc.gov/MARC21/slim http://www.loc.gov/standards/marcxml/schema/MARC21slim.xsd"><leader>01791ngm a2200337 c 4500</leader><controlfield tag="001">991000811359705502</controlfield><controlfield tag="005">20230625173147.0</controlfield><controlfield tag="007">vd#|v||||</controlfield><controlfield tag="008">100420s2007    fr ||| |          v|ita d</controlfield><datafield ind1=" " ind2=" " tag="035"><subfield code="a">(swissbib)110235436-41slsp_network</subfield></datafield><datafield ind1=" " ind2=" " tag="035"><subfield code="a">110235436</subfield><subfield code="9">ExL</subfield></datafield><datafield ind1=" " ind2=" " tag="035"><subfield code="a">(RERO)R005428661-41slsp</subfield></datafield><datafield ind1=" " ind2=" " tag="035"><subfield code="a">(EXLNZ-41SLSP_NETWORK)991123934859705501</subfield></datafield><datafield ind1=" " ind2=" " tag="040"><subfield code="a">RERO geumem</subfield><subfield code="d">CH-ZuSLS</subfield></datafield><datafield ind1="1" ind2=" " tag="041"><subfield code="a">eng</subfield><subfield code="a">fre</subfield><subfield code="a">ita</subfield><subfield code="h">ita</subfield></datafield><datafield ind1=" " ind2="7" tag="072"><subfield code="a">ba</subfield><subfield code="2">rero</subfield></datafield><datafield ind1="0" ind2="0" tag="245"><subfield code="a">Golden door</subfield><subfield code="c">un film écrit et réal. par Emanuele Crialese ; musique Antonio Castrignano</subfield></datafield><datafield ind1=" " ind2="1" tag="264"><subfield code="a">[Lieu de publication non identifié]</subfield><subfield code="b">Arte</subfield><subfield code="b">TPS Star</subfield><subfield code="c">[2007]</subfield></datafield><datafield ind1=" " ind2=" " tag="300"><subfield code="a">1 DVD vidéo</subfield></datafield><datafield ind1=" " ind2=" " tag="336"><subfield code="b">tdi</subfield><subfield code="2">rdacontent</subfield></datafield><datafield ind1=" " ind2=" " tag="337"><subfield code="b">v</subfield><subfield code="2">rdamedia</subfield></datafield><datafield ind1=" " ind2=" " tag="338"><subfield code="b">vd</subfield><subfield code="2">rdacarrier</subfield></datafield><datafield ind1=" " ind2=" " tag="500"><subfield code="a">Une prod.: Memento Films - Titti Film - Respiro - Arte France Cinéma, cop. 2005</subfield></datafield><datafield ind1=" " ind2=" " tag="500"><subfield code="a">Choix de langues: Italien, anglais, français. Sous-titres: Français</subfield></datafield><datafield ind1=" " ind2=" " tag="500"><subfield code="a">Durée du film : 113 min. env.</subfield></datafield><datafield ind1="0" ind2=" " tag="505"><subfield code="a">Bonus : Making of (26 min.) ; Les affiches non retenues</subfield></datafield><datafield ind1="0" ind2=" " tag="511"><subfield code="a">Charlotte Gainsbourg ; Vincenzo Amato ; Aurora Quatrocchi ; Francesco Casisa ; Flippo Pucillo ; Federica de Cola ; Isabella Ragonese ; Vincent Schiavelli ... et al.</subfield></datafield><datafield ind1="8" ind2=" " tag="520"><subfield code="a">&quot;Sicile, début du vingtième siècle. Les Mancuso, une famille de paysans, abandonnent leur pays natal et embarquent pour un voyage vers une terre rêvée et jamais vue, le Nouveau Monde. Une jeune anglaise aux origines mystérieuses, Lucy, se joint à eux pour ce long périple. Mais tous n'auront pas le privilège de franchir les portes du paradis.&quot;</subfield><subfield code="5">RERO/geumem/04.2010</subfield></datafield><datafield ind1=" " ind2="7" tag="655"><subfield code="a">DVD</subfield><subfield code="0">(IDREF)035108444</subfield><subfield code="2">idref</subfield></datafield><datafield ind1=" " ind2="7" tag="655"><subfield code="a">Films de fiction</subfield><subfield code="0">(IDREF)14779644X</subfield><subfield code="2">idref</subfield></datafield><datafield ind1="1" ind2=" " tag="700"><subfield code="a">Crialese, Emanuele</subfield><subfield code="c">cinéaste</subfield><subfield code="d">1965-...</subfield><subfield code="0">(IDREF)076388190</subfield></datafield><datafield ind1="1" ind2=" " tag="700"><subfield code="a">Mallet-Guy, Alexandre</subfield><subfield code="0">(RERO)A013791976</subfield></datafield></record>
</metadata></record>