<record><header><identifier>oai:alma.41SLSP_UGE:991000810839705502</identifier><datestamp>2023-03-01T01:10:17Z</datestamp><setSpec>uge_bcen_RapidILL_BOOK</setSpec><setSpec>uge_aaca_RapidILL_BOOK</setSpec><setSpec>uge_abels_RapidILL_BOOK</setSpec><setSpec>uge_dbu_RapidILL_BOOK</setSpec><setSpec>uge_cmu_RapidILL_BOOK</setSpec><setSpec>uge_mail_RapidILL_BOOK</setSpec><setSpec>UNIGE_ALL</setSpec><setSpec>uge_abbat_RapidILL_BOOK</setSpec><setSpec>uge_aobs_RapidILL_BOOK</setSpec><setSpec>uge_acar_RapidILL_BOOK</setSpec></header><metadata>
<record xmlns="http://www.loc.gov/MARC21/slim" xmlns:xsi="http://www.w3.org/2001/XMLSchema-instance" xsi:schemaLocation="http://www.loc.gov/MARC21/slim http://www.loc.gov/standards/marcxml/schema/MARC21slim.xsd"><leader>03004nam a2200301 c 4500</leader><controlfield tag="001">991000810839705502</controlfield><controlfield tag="005">20201225180803.0</controlfield><controlfield tag="008">940427r19911833ru ||||| |||| 00| ||rus d</controlfield><datafield ind1=" " ind2=" " tag="020"><subfield code="a">5212004497</subfield></datafield><datafield ind1=" " ind2=" " tag="035"><subfield code="a">(swissbib)088680657-41slsp_network</subfield></datafield><datafield ind1=" " ind2=" " tag="035"><subfield code="a">088680657</subfield><subfield code="9">ExL</subfield></datafield><datafield ind1=" " ind2=" " tag="035"><subfield code="a">(RERO)1844189-41slsp</subfield></datafield><datafield ind1=" " ind2=" " tag="035"><subfield code="a">(EXLNZ-41SLSP_NETWORK)991015622419705501</subfield></datafield><datafield ind1=" " ind2=" " tag="040"><subfield code="a">RERO geulru</subfield><subfield code="d">CH-ZuSLS</subfield></datafield><datafield ind1=" " ind2="7" tag="072"><subfield code="a">ru</subfield><subfield code="2">rero</subfield></datafield><datafield ind1="1" ind2=" " tag="100"><subfield code="6">880-01</subfield><subfield code="a">Odoevskiĭ, Vladimir Fedorovich</subfield><subfield code="d">1803-1869</subfield><subfield code="0">(RERO)A000124003</subfield><subfield code="4">cre</subfield></datafield><datafield ind1="1" ind2=" " tag="880"><subfield code="6">100-01/(N</subfield><subfield code="a">Одоевский, Владимир Федорович</subfield><subfield code="d">1803-1869</subfield></datafield><datafield ind1="1" ind2="0" tag="245"><subfield code="6">880-02</subfield><subfield code="a">Pestryi︠a︡ skazki [sʺ krasnymʺ slovt︠s︡omʺ</subfield><subfield code="c">sobrannyi︠a︡ Irineemʺ Modestovichemʺ Gomozeĭkoi︠u︡, izdannyi︠a︡ V. Bezglasnymʺ]</subfield></datafield><datafield ind1="1" ind2="0" tag="880"><subfield code="6">245-02/(N</subfield><subfield code="a">Пестрыя сказки [съ краснымъ словцомъ</subfield><subfield code="c">собранныя Иринеемъ Модестовичемъ Гомозейкою, изданныя В. Безгласнымъ]</subfield></datafield><datafield ind1="1" ind2=" " tag="246"><subfield code="a">Pestryja skazki [s&quot; krasnym&quot; slovcom&quot;, / sobrannyja Irineem&quot; Modestovičem&quot; Gomozejkoju, izdannyja V. Bezglasnym&quot;]</subfield></datafield><datafield ind1=" " ind2="1" tag="264"><subfield code="6">880-03</subfield><subfield code="a">Moskva</subfield><subfield code="b">Kniga</subfield><subfield code="c">1991</subfield></datafield><datafield ind1=" " ind2="1" tag="880"><subfield code="6">264-03/(N</subfield><subfield code="a">Москва</subfield><subfield code="b">Книга</subfield><subfield code="c">1991</subfield></datafield><datafield ind1=" " ind2=" " tag="300"><subfield code="a">XIV, 156 p.</subfield><subfield code="b">ill.</subfield><subfield code="c">20 cm</subfield><subfield code="e">supplément (46 p.)</subfield><subfield code="c">20 cm</subfield></datafield><datafield ind1=" " ind2=" " tag="336"><subfield code="b">txt</subfield><subfield code="2">rdacontent</subfield></datafield><datafield ind1=" " ind2=" " tag="337"><subfield code="b">n</subfield><subfield code="2">rdamedia</subfield></datafield><datafield ind1=" " ind2=" " tag="338"><subfield code="b">nc</subfield><subfield code="2">rdacarrier</subfield></datafield><datafield ind1=" " ind2=" " tag="534"><subfield code="6">880-04</subfield><subfield code="p">Reprod. de l'éd. de:</subfield><subfield code="c">Sanktpeterburg&quot; : [s.n.], 1833 (Sanktpeterburg&quot; : v&quot; tip. E̊kspedit︠s︡ii zagotovlenii︠a︡ Gos. bumag&quot;)</subfield></datafield><datafield ind1=" " ind2=" " tag="880"><subfield code="6">534-04/(N</subfield><subfield code="p">Reprod. de l'éd. de:</subfield><subfield code="c">Санктпетербургъ : [s.n.], 1833 (Санктпетербургъ : въ тип. Экспедиции заготовления Гос. бумагъ)</subfield></datafield><datafield ind1=" " ind2=" " tag="900"><subfield code="a">REROnoselfmerge</subfield></datafield></record>
</metadata></record>