<record><header><identifier>oai:alma.41SLSP_UGE:991000811569705502</identifier><datestamp>2023-03-01T01:10:17Z</datestamp><setSpec>uge_bcen_RapidILL_BOOK</setSpec><setSpec>uge_aaca_RapidILL_BOOK</setSpec><setSpec>uge_abels_RapidILL_BOOK</setSpec><setSpec>uge_dbu_RapidILL_BOOK</setSpec><setSpec>uge_cmu_RapidILL_BOOK</setSpec><setSpec>uge_mail_RapidILL_BOOK</setSpec><setSpec>UNIGE_ALL</setSpec><setSpec>uge_abbat_RapidILL_BOOK</setSpec><setSpec>uge_aobs_RapidILL_BOOK</setSpec><setSpec>uge_acar_RapidILL_BOOK</setSpec></header><metadata>
<record xmlns="http://www.loc.gov/MARC21/slim" xmlns:xsi="http://www.w3.org/2001/XMLSchema-instance" xsi:schemaLocation="http://www.loc.gov/MARC21/slim http://www.loc.gov/standards/marcxml/schema/MARC21slim.xsd"><leader>00943nam a22002772c 4500</leader><controlfield tag="001">991000811569705502</controlfield><controlfield tag="005">20201227170126.0</controlfield><controlfield tag="008">160322s1967    xxu||||| |||| 00| ||eng d</controlfield><datafield ind1=" " ind2=" " tag="035"><subfield code="a">(swissbib)122741765-41slsp_network</subfield></datafield><datafield ind1=" " ind2=" " tag="035"><subfield code="a">122741765</subfield><subfield code="9">ExL</subfield></datafield><datafield ind1=" " ind2=" " tag="035"><subfield code="a">(RERO)R008393745-41slsp</subfield></datafield><datafield ind1=" " ind2=" " tag="035"><subfield code="a">(EXLNZ-41SLSP_NETWORK)991101557889705501</subfield></datafield><datafield ind1=" " ind2=" " tag="040"><subfield code="a">AUM</subfield><subfield code="d">CH-ZuSLS</subfield></datafield><datafield ind1=" " ind2="4" tag="050"><subfield code="a">PS3511.R237</subfield><subfield code="b">O7 1960c</subfield></datafield><datafield ind1=" " ind2="7" tag="072"><subfield code="a">an</subfield><subfield code="2">rero</subfield></datafield><datafield ind1="0" ind2="4" tag="082"><subfield code="a">811.54</subfield></datafield><datafield ind1="1" ind2=" " tag="100"><subfield code="a">Francis, Robert</subfield><subfield code="c">poète</subfield><subfield code="d">1901-1987</subfield><subfield code="0">(IDREF)085717320</subfield><subfield code="4">cre</subfield></datafield><datafield ind1="1" ind2="0" tag="245"><subfield code="a">&lt;&lt;The&gt;&gt; orb weaver</subfield><subfield code="b">Poems</subfield><subfield code="c">[by] Robert Francis</subfield></datafield><datafield ind1=" " ind2="1" tag="264"><subfield code="a">Middletown, Conn.</subfield><subfield code="b">Wesleyan University Press</subfield><subfield code="c">[1967]</subfield></datafield><datafield ind1=" " ind2=" " tag="300"><subfield code="a">5 preliminary leaves, 3-63 pages</subfield><subfield code="c">21 x 16 cm</subfield></datafield><datafield ind1=" " ind2=" " tag="336"><subfield code="b">txt</subfield><subfield code="2">rdacontent</subfield></datafield><datafield ind1=" " ind2=" " tag="337"><subfield code="b">n</subfield><subfield code="2">rdamedia</subfield></datafield><datafield ind1=" " ind2=" " tag="338"><subfield code="b">nc</subfield><subfield code="2">rdacarrier</subfield></datafield><datafield ind1="0" ind2=" " tag="490"><subfield code="a">The Wesleyan poetry program</subfield></datafield><datafield ind1=" " ind2=" " tag="500"><subfield code="a">&quot;First printing, January, 1960 ... Third printing, February, 1967.&quot;</subfield></datafield><datafield ind1=" " ind2=" " tag="900"><subfield code="a">REROnoselfmerge</subfield></datafield><datafield ind1=" " ind2=" " tag="910"><subfield code="a">OCoLC</subfield><subfield code="b">20160322</subfield><subfield code="c">Droits réservés</subfield></datafield></record>
</metadata></record>