<record><header><identifier>oai:alma.41SLSP_UGE:991000810609705502</identifier><datestamp>2023-03-01T01:10:17Z</datestamp><setSpec>uge_bcen_RapidILL_BOOK</setSpec><setSpec>uge_aaca_RapidILL_BOOK</setSpec><setSpec>uge_abels_RapidILL_BOOK</setSpec><setSpec>uge_dbu_RapidILL_BOOK</setSpec><setSpec>uge_cmu_RapidILL_BOOK</setSpec><setSpec>uge_mail_RapidILL_BOOK</setSpec><setSpec>UNIGE_ALL</setSpec><setSpec>uge_abbat_RapidILL_BOOK</setSpec><setSpec>uge_aobs_RapidILL_BOOK</setSpec><setSpec>uge_acar_RapidILL_BOOK</setSpec></header><metadata>
<record xmlns="http://www.loc.gov/MARC21/slim" xmlns:xsi="http://www.w3.org/2001/XMLSchema-instance" xsi:schemaLocation="http://www.loc.gov/MARC21/slim http://www.loc.gov/standards/marcxml/schema/MARC21slim.xsd"><leader>01201naa a2200241 c 4500</leader><controlfield tag="001">991000810609705502</controlfield><controlfield tag="005">20201126033543.0</controlfield><controlfield tag="008">880906s1987    it ||||| |||| 00| ||eng d</controlfield><datafield ind1=" " ind2=" " tag="035"><subfield code="a">(swissbib)083039864-41slsp_network</subfield></datafield><datafield ind1=" " ind2=" " tag="035"><subfield code="a">083039864</subfield><subfield code="9">ExL</subfield></datafield><datafield ind1=" " ind2=" " tag="035"><subfield code="a">(RERO)1015515-41slsp</subfield></datafield><datafield ind1=" " ind2=" " tag="035"><subfield code="a">(EXLNZ-41SLSP_NETWORK)991138372529705501</subfield></datafield><datafield ind1=" " ind2=" " tag="040"><subfield code="a">RERO geubfd</subfield><subfield code="d">CH-ZuSLS</subfield></datafield><datafield ind1=" " ind2="7" tag="072"><subfield code="a">dr</subfield><subfield code="2">rero</subfield></datafield><datafield ind1=" " ind2=" " tag="084"><subfield code="a">D 14 i</subfield><subfield code="2">cjurrom</subfield></datafield><datafield ind1="1" ind2=" " tag="100"><subfield code="a">Amerasinghe, Chittharanjan Félix</subfield><subfield code="d">1933-....</subfield><subfield code="0">(IDREF)031561829</subfield><subfield code="4">cre</subfield></datafield><datafield ind1="1" ind2="0" tag="245"><subfield code="a">Sources of international administrative law</subfield><subfield code="c">by Chittharanjan Felix Amerasinghe</subfield></datafield><datafield ind1=" " ind2=" " tag="336"><subfield code="b">txt</subfield><subfield code="2">rdacontent</subfield></datafield><datafield ind1=" " ind2=" " tag="337"><subfield code="b">n</subfield><subfield code="2">rdamedia</subfield></datafield><datafield ind1=" " ind2=" " tag="338"><subfield code="b">nc</subfield><subfield code="2">rdacarrier</subfield></datafield><datafield ind1=" " ind2=" " tag="580"><subfield code="a">In: Le droit international à l'heure de sa codification : études en l'honneur de Roberto Ago. - Milano : A. Giuffrè, 1987. - Vol. 1, p. 67-95</subfield></datafield><datafield ind1=" " ind2="7" tag="650"><subfield code="a">droit international - sources</subfield><subfield code="0">(RERO)A010075794</subfield><subfield code="2">rerovoc</subfield></datafield><datafield ind1="0" ind2=" " tag="773"><subfield code="t">Droit international à l'heure de sa codification : études en l'honneur de Roberto Ago = Il diritto internazionale al tempo della sua codificazione : studi in onore di Roberto Ago = International law at the time of its codification : essays in honour of Roberto Ago</subfield><subfield code="g">Vol. 1, p. 67-95</subfield><subfield code="w">(RERO)0909911-41slsp</subfield></datafield><datafield ind1=" " ind2=" " tag="900"><subfield code="a">REROnoselfmerge</subfield></datafield></record>
</metadata></record>