<record><header><identifier>oai:alma.41SLSP_UGE:991000811549705502</identifier><datestamp>2023-03-01T01:10:17Z</datestamp><setSpec>uge_bcen_RapidILL_BOOK</setSpec><setSpec>uge_aaca_RapidILL_BOOK</setSpec><setSpec>uge_abels_RapidILL_BOOK</setSpec><setSpec>uge_dbu_RapidILL_BOOK</setSpec><setSpec>uge_cmu_RapidILL_BOOK</setSpec><setSpec>uge_mail_RapidILL_BOOK</setSpec><setSpec>UNIGE_ALL</setSpec><setSpec>uge_abbat_RapidILL_BOOK</setSpec><setSpec>uge_aobs_RapidILL_BOOK</setSpec><setSpec>uge_acar_RapidILL_BOOK</setSpec></header><metadata>
<record xmlns="http://www.loc.gov/MARC21/slim" xmlns:xsi="http://www.w3.org/2001/XMLSchema-instance" xsi:schemaLocation="http://www.loc.gov/MARC21/slim http://www.loc.gov/standards/marcxml/schema/MARC21slim.xsd"><leader>01049nam a22002532c 4500</leader><controlfield tag="001">991000811549705502</controlfield><controlfield tag="005">20201227171751.0</controlfield><controlfield tag="008">180213s1950    xxu||||| |||| 00| ||eng d</controlfield><datafield ind1=" " ind2=" " tag="035"><subfield code="a">(swissbib)124556930-41slsp_network</subfield></datafield><datafield ind1=" " ind2=" " tag="035"><subfield code="a">124556930</subfield><subfield code="9">ExL</subfield></datafield><datafield ind1=" " ind2=" " tag="035"><subfield code="a">(RERO)R008764126-41slsp</subfield></datafield><datafield ind1=" " ind2=" " tag="035"><subfield code="a">(EXLNZ-41SLSP_NETWORK)991147103109705501</subfield></datafield><datafield ind1=" " ind2=" " tag="040"><subfield code="a">NLGGC</subfield><subfield code="b">dut</subfield><subfield code="e">fobidrtb</subfield><subfield code="d">CH-ZuSLS</subfield></datafield><datafield ind1=" " ind2="7" tag="072"><subfield code="a">me</subfield><subfield code="2">rero</subfield></datafield><datafield ind1="0" ind2="0" tag="245"><subfield code="a">Genetic neurology</subfield><subfield code="b">problems of the development, growth, and regeneration of the nervous system and its functions</subfield><subfield code="c">Paul Weiss, ed</subfield></datafield><datafield ind1=" " ind2="1" tag="264"><subfield code="a">Chicago</subfield><subfield code="b">The Univ. of Chicago Press</subfield><subfield code="c">1950</subfield></datafield><datafield ind1=" " ind2=" " tag="300"><subfield code="a">XII, 239 p.</subfield><subfield code="b">ill.</subfield><subfield code="c">24 cm</subfield></datafield><datafield ind1=" " ind2=" " tag="336"><subfield code="b">txt</subfield><subfield code="2">rdacontent</subfield></datafield><datafield ind1=" " ind2=" " tag="337"><subfield code="b">n</subfield><subfield code="2">rdamedia</subfield></datafield><datafield ind1=" " ind2=" " tag="338"><subfield code="b">nc</subfield><subfield code="2">rdacarrier</subfield></datafield><datafield ind1=" " ind2=" " tag="500"><subfield code="a">Conference sponsored by the International Union of Biological Sciences subsidized by Unesco. Held at the University of Chicago, March 21-25, 1949</subfield></datafield><datafield ind1="1" ind2=" " tag="700"><subfield code="a">Weiss, Paul A</subfield><subfield code="d">1898-1989</subfield><subfield code="0">(IDREF)060594055</subfield></datafield><datafield ind1="2" ind2=" " tag="710"><subfield code="a">Union internationale des sciences biologiques</subfield><subfield code="0">(IDREF)029777011</subfield></datafield><datafield ind1=" " ind2=" " tag="900"><subfield code="a">REROnoselfmerge</subfield></datafield><datafield ind1=" " ind2=" " tag="910"><subfield code="a">OCoLC</subfield><subfield code="b">20180213</subfield><subfield code="c">Droits réservés</subfield></datafield></record>
</metadata></record>