<record><header><identifier>oai:alma.41SLSP_UGE:991000810619705502</identifier><datestamp>2024-03-22T01:21:27Z</datestamp><setSpec>uge_bcen_RapidILL_BOOK</setSpec><setSpec>uge_aaca_RapidILL_BOOK</setSpec><setSpec>uge_abels_RapidILL_BOOK</setSpec><setSpec>uge_dbu_RapidILL_BOOK</setSpec><setSpec>uge_cmu_RapidILL_BOOK</setSpec><setSpec>uge_mail_RapidILL_BOOK</setSpec><setSpec>uge_abbat_RapidILL_BOOK</setSpec><setSpec>UNIGE_ALL</setSpec><setSpec>uge_aobs_RapidILL_BOOK</setSpec><setSpec>uge_acar_RapidILL_BOOK</setSpec></header><metadata>
<record xmlns="http://www.loc.gov/MARC21/slim" xmlns:xsi="http://www.w3.org/2001/XMLSchema-instance" xsi:schemaLocation="http://www.loc.gov/MARC21/slim http://www.loc.gov/standards/marcxml/schema/MARC21slim.xsd"><leader>01269nam a22003257ca4500</leader><controlfield tag="001">991000810619705502</controlfield><controlfield tag="005">20240321235545.0</controlfield><controlfield tag="008">970111s1983    xxu||||| |||| 00| ||eng d</controlfield><datafield ind1=" " ind2=" " tag="019"><subfield code="a">Übergeordnete Aufnahme = Niveau supérieur = Livello superiore</subfield><subfield code="5">SLSP/2020</subfield></datafield><datafield ind1=" " ind2=" " tag="035"><subfield code="a">(swissbib)079397476-41slsp_network</subfield></datafield><datafield ind1=" " ind2=" " tag="035"><subfield code="a">079397476</subfield><subfield code="9">ExL</subfield></datafield><datafield ind1=" " ind2=" " tag="035"><subfield code="a">(RERO)0496787-41slsp</subfield></datafield><datafield ind1=" " ind2=" " tag="035"><subfield code="a">(EXLNZ-41SLSP_NETWORK)991030119599705501</subfield></datafield><datafield ind1=" " ind2=" " tag="040"><subfield code="a">RERO</subfield><subfield code="d">CH-ZuSLS</subfield></datafield><datafield ind1=" " ind2="7" tag="072"><subfield code="a">me</subfield><subfield code="2">rero</subfield></datafield><datafield ind1="0" ind2="0" tag="245"><subfield code="a">ECFMG-FMG examination review</subfield><subfield code="b">preparation for foreign medical graduate examinations</subfield></datafield><datafield ind1=" " ind2=" " tag="250"><subfield code="a">5th ed</subfield></datafield><datafield ind1=" " ind2="1" tag="264"><subfield code="a">New York</subfield><subfield code="b">Medical Examination Publ. Co.</subfield><subfield code="c">[1983]</subfield></datafield><datafield ind1=" " ind2="4" tag="264"><subfield code="c">© 1983</subfield></datafield><datafield ind1=" " ind2=" " tag="300"><subfield code="a">2 vol.</subfield><subfield code="b">ill.</subfield><subfield code="c">21 cm</subfield></datafield><datafield ind1=" " ind2=" " tag="336"><subfield code="b">txt</subfield><subfield code="2">rdacontent</subfield></datafield><datafield ind1=" " ind2=" " tag="337"><subfield code="b">n</subfield><subfield code="2">rdamedia</subfield></datafield><datafield ind1=" " ind2=" " tag="338"><subfield code="b">nc</subfield><subfield code="2">rdacarrier</subfield></datafield><datafield ind1=" " ind2=" " tag="500"><subfield code="a">Rev. ed. of : Medical examination review, 4th ed</subfield></datafield><datafield ind1=" " ind2=" " tag="500"><subfield code="a">Destiné à la préparation du &quot;Foreign Medical Graduate Examination in the Medical Sciences&quot; (FMGEMS)</subfield></datafield><datafield ind1=" " ind2=" " tag="500"><subfield code="a">Ed. en 2 vol. de : FMGEMS comprehensive examination review, 5th ed., cop. 1983 &lt;610098&gt;</subfield></datafield><datafield ind1=" " ind2="2" tag="650"><subfield code="a">Medicine</subfield></datafield><datafield ind1=" " ind2="2" tag="650"><subfield code="a">Foreign Medical Graduates</subfield></datafield><datafield ind1=" " ind2="2" tag="655"><subfield code="a">Examination Question</subfield></datafield><datafield ind1="0" ind2=" " tag="730"><subfield code="a">Educational Commission for Foreign Medical Graduates-Foreign Medical Graduates</subfield></datafield><datafield ind1=" " ind2=" " tag="900"><subfield code="a">REROnoselfmerge</subfield></datafield></record>
</metadata></record>