<record><header><identifier>oai:alma.41SLSP_UGE:991000810959705502</identifier><datestamp>2023-03-25T01:20:07Z</datestamp><setSpec>uge_bcen_RapidILL_BOOK</setSpec><setSpec>uge_aaca_RapidILL_BOOK</setSpec><setSpec>uge_abels_RapidILL_BOOK</setSpec><setSpec>uge_dbu_RapidILL_BOOK</setSpec><setSpec>uge_cmu_RapidILL_BOOK</setSpec><setSpec>uge_mail_RapidILL_BOOK</setSpec><setSpec>uge_abbat_RapidILL_BOOK</setSpec><setSpec>UNIGE_ALL</setSpec><setSpec>uge_acar_RapidILL_BOOK</setSpec><setSpec>uge_aobs_RapidILL_BOOK</setSpec></header><metadata>
<record xmlns="http://www.loc.gov/MARC21/slim" xmlns:xsi="http://www.w3.org/2001/XMLSchema-instance" xsi:schemaLocation="http://www.loc.gov/MARC21/slim http://www.loc.gov/standards/marcxml/schema/MARC21slim.xsd"><leader>02217nam a2200373 c 4500</leader><controlfield tag="001">991000810959705502</controlfield><controlfield tag="005">20230116191217.0</controlfield><controlfield tag="008">001120s1999    fr ||||| |||| 10| ||fre d</controlfield><datafield ind1=" " ind2=" " tag="020"><subfield code="a">9287140960</subfield></datafield><datafield ind1=" " ind2=" " tag="035"><subfield code="a">(swissbib)096109939-41slsp_network</subfield></datafield><datafield ind1=" " ind2=" " tag="035"><subfield code="a">096109939</subfield><subfield code="9">ExL</subfield></datafield><datafield ind1=" " ind2=" " tag="035"><subfield code="a">(RERO)R275667260-41slsp</subfield></datafield><datafield ind1=" " ind2=" " tag="035"><subfield code="a">(EXLNZ-41SLSP_NETWORK)991102562809705501</subfield></datafield><datafield ind1=" " ind2=" " tag="040"><subfield code="a">RERO geuieg</subfield><subfield code="d">CH-ZuSLS</subfield></datafield><datafield ind1=" " ind2="7" tag="072"><subfield code="a">pe</subfield><subfield code="2">rero</subfield></datafield><datafield ind1="0" ind2="0" tag="245"><subfield code="a">Pour une perspective pluraliste et tolérante de l'enseignement de l'histoire</subfield><subfield code="b">diversité des sources et didactiques nouvelles : symposium, 10-12 décembre 1998 Bruxelles (Belgique) : projet, Apprendre et enseigner l'histoire de l'Europe du 20e siècle</subfield><subfield code="c">discours introductif par Marc Ferro ; rapport général par Henry Frendo ; Conseil de la coopération culturelle ; [Communauté française de Belgique]</subfield></datafield><datafield ind1=" " ind2="1" tag="264"><subfield code="a">Strasbourg</subfield><subfield code="b">Ed. du Conseil de l'Europe</subfield><subfield code="c">[1999]</subfield></datafield><datafield ind1=" " ind2="4" tag="264"><subfield code="c">© 1999</subfield></datafield><datafield ind1=" " ind2=" " tag="300"><subfield code="a">141 p.</subfield><subfield code="c">21 cm</subfield></datafield><datafield ind1=" " ind2=" " tag="336"><subfield code="b">txt</subfield><subfield code="2">rdacontent</subfield></datafield><datafield ind1=" " ind2=" " tag="337"><subfield code="b">n</subfield><subfield code="2">rdamedia</subfield></datafield><datafield ind1=" " ind2=" " tag="338"><subfield code="b">nc</subfield><subfield code="2">rdacarrier</subfield></datafield><datafield ind1="1" ind2=" " tag="490"><subfield code="a">Education</subfield></datafield><datafield ind1=" " ind2=" " tag="500"><subfield code="a">Ed. anglaise: Towards a pluralist and tolerant approach to teaching history: a range of sources and new didactics</subfield></datafield><datafield ind1=" " ind2=" " tag="500"><subfield code="a">Le symposium intitulé &quot;Pour une perspective pluraliste et tolérante de l'enseignement de l'histoire: diversité des sources et didactiques nouvelles&quot; a été organisé conjointement par le Conseil de la coopération culturelle du Conseil de l'Europe (CDCC) et la Communauté française de Belgique, dans le cadre du projet du CDCC &quot;Apprendre et enseigner l'histoire de l'Europe du 20e siècle&quot;</subfield></datafield><datafield ind1=" " ind2="7" tag="650"><subfield code="a">Histoire</subfield><subfield code="0">(IDREF)02726470X</subfield><subfield code="2">idref</subfield></datafield><datafield ind1=" " ind2="7" tag="650"><subfield code="a">Étude et enseignement</subfield><subfield code="0">(IDREF)027789853</subfield><subfield code="2">idref</subfield></datafield><datafield ind1=" " ind2="7" tag="651"><subfield code="a">Europe</subfield><subfield code="0">(IDREF)027224651</subfield><subfield code="2">idref</subfield></datafield><datafield ind1=" " ind2="7" tag="655"><subfield code="a">Actes de congrès</subfield><subfield code="0">(IDREF)02886431X</subfield><subfield code="2">idref</subfield></datafield><datafield ind1="1" ind2=" " tag="700"><subfield code="a">Ferro, Marc</subfield><subfield code="c">historien</subfield><subfield code="d">1924-2021</subfield><subfield code="0">(IDREF)026863243</subfield></datafield><datafield ind1="1" ind2=" " tag="700"><subfield code="a">Frendo, Henry</subfield><subfield code="d">1948-....</subfield><subfield code="0">(IDREF)06138772X</subfield></datafield><datafield ind1="2" ind2=" " tag="710"><subfield code="a">Conseil de l'Europe</subfield><subfield code="b">Conseil de la coopération culturelle</subfield><subfield code="b">Symposium</subfield><subfield code="d">1998</subfield><subfield code="c">Bruxelles</subfield><subfield code="0">(RERO)A012486423</subfield></datafield><datafield ind1="2" ind2=" " tag="710"><subfield code="a">Communauté française de Belgique</subfield><subfield code="b">Symposium</subfield><subfield code="d">1998</subfield><subfield code="c">Bruxelles</subfield><subfield code="0">(RERO)A012486424</subfield></datafield><datafield ind1=" " ind2=" " tag="830"><subfield code="a">Education</subfield><subfield code="p">Conseil de l'Europe</subfield><subfield code="w">(RERO)R213744460-41slsp</subfield></datafield><datafield ind1=" " ind2=" " tag="900"><subfield code="a">REROnoselfmerge</subfield></datafield></record>
</metadata></record>