<record><header><identifier>oai:alma.41SLSP_UGE:991000810649705502</identifier><datestamp>2024-08-10T00:21:19Z</datestamp><setSpec>uge_bcen_RapidILL_BOOK</setSpec><setSpec>uge_aaca_RapidILL_BOOK</setSpec><setSpec>uge_abels_RapidILL_BOOK</setSpec><setSpec>uge_dbu_RapidILL_BOOK</setSpec><setSpec>uge_cmu_RapidILL_BOOK</setSpec><setSpec>uge_mail_RapidILL_BOOK</setSpec><setSpec>uge_abbat_RapidILL_BOOK</setSpec><setSpec>UNIGE_ALL</setSpec><setSpec>uge_aobs_RapidILL_BOOK</setSpec><setSpec>uge_acar_RapidILL_BOOK</setSpec></header><metadata>
<record xmlns="http://www.loc.gov/MARC21/slim" xmlns:xsi="http://www.w3.org/2001/XMLSchema-instance" xsi:schemaLocation="http://www.loc.gov/MARC21/slim http://www.loc.gov/standards/marcxml/schema/MARC21slim.xsd"><leader>02139nam a2200505 c 4500</leader><controlfield tag="001">991000810649705502</controlfield><controlfield tag="005">20240809181438.0</controlfield><controlfield tag="008">201011s2012    xxk           00| | eng  </controlfield><datafield ind1=" " ind2=" " tag="020"><subfield code="a">9780199694600</subfield></datafield><datafield ind1="7" ind2=" " tag="024"><subfield code="a">http://catalogue.bnf.fr/ark:/12148/cb42791985r</subfield><subfield code="2">uri</subfield></datafield><datafield ind1=" " ind2=" " tag="035"><subfield code="a">(swissbib)215808401-41slsp_network</subfield></datafield><datafield ind1=" " ind2=" " tag="035"><subfield code="a">215808401</subfield><subfield code="9">ExL</subfield></datafield><datafield ind1=" " ind2=" " tag="035"><subfield code="a">(IDSBB)006137358DSV01</subfield></datafield><datafield ind1=" " ind2=" " tag="035"><subfield code="a">(RERO)R007143438-41slsp</subfield></datafield><datafield ind1=" " ind2=" " tag="035"><subfield code="a">(NEBIS)007344915EBI01</subfield></datafield><datafield ind1=" " ind2=" " tag="035"><subfield code="a">(EXLNZ-41SLSP_NETWORK)991137432469705501</subfield></datafield><datafield ind1=" " ind2=" " tag="040"><subfield code="a">SzZuIDS NEBIS</subfield><subfield code="e">kids</subfield><subfield code="d">CH-ZuSLS</subfield></datafield><datafield ind1="1" ind2=" " tag="041"><subfield code="a">eng</subfield><subfield code="a">grc</subfield><subfield code="h">grc</subfield></datafield><datafield ind1=" " ind2="7" tag="072"><subfield code="a">th</subfield><subfield code="2">SzZuIDS BS/BE</subfield></datafield><datafield ind1=" " ind2="7" tag="072"><subfield code="a">th</subfield><subfield code="2">rero</subfield></datafield><datafield ind1="0" ind2="4" tag="082"><subfield code="a">270.1</subfield><subfield code="2">23</subfield></datafield><datafield ind1="0" ind2=" " tag="100"><subfield code="a">Klemens</subfield><subfield code="b">I.</subfield><subfield code="c">Papst</subfield><subfield code="d">ca. 1. Jh.</subfield><subfield code="0">(DE-588)118809199</subfield></datafield><datafield ind1="1" ind2="0" tag="245"><subfield code="a">2 Clement</subfield><subfield code="b">introduction, text, and commentary</subfield><subfield code="c">[ed. by] Christopher Tuckett</subfield></datafield><datafield ind1="1" ind2="3" tag="246"><subfield code="a">Two Clement</subfield></datafield><datafield ind1=" " ind2="1" tag="264"><subfield code="a">Oxford</subfield><subfield code="b">Oxford University Press</subfield><subfield code="c">2012</subfield></datafield><datafield ind1=" " ind2=" " tag="300"><subfield code="a">x, 328 p.</subfield><subfield code="c">24 cm</subfield></datafield><datafield ind1=" " ind2=" " tag="336"><subfield code="b">txt</subfield><subfield code="2">rdacontent</subfield></datafield><datafield ind1=" " ind2=" " tag="337"><subfield code="b">n</subfield><subfield code="2">rdamedia</subfield></datafield><datafield ind1=" " ind2=" " tag="338"><subfield code="b">nc</subfield><subfield code="2">rdacarrier</subfield></datafield><datafield ind1="0" ind2=" " tag="490"><subfield code="a">Oxford Apostolic Fathers</subfield></datafield><datafield ind1=" " ind2=" " tag="500"><subfield code="a">Text in English and Greek; introduction and commentary in English</subfield></datafield><datafield ind1=" " ind2=" " tag="500"><subfield code="a">Titre conventionnel: Epistula altera ad Corinthios</subfield></datafield><datafield ind1="3" ind2=" " tag="510"><subfield code="a">CPG 1003</subfield></datafield><datafield ind1="0" ind2="7" tag="600"><subfield code="a">Clément</subfield><subfield code="c">(pape</subfield><subfield code="b">1).</subfield><subfield code="t">Seconde Epître aux Corinthiens</subfield><subfield code="0">(RERO)A010065679</subfield><subfield code="2">rero</subfield></datafield><datafield ind1="0" ind2="7" tag="600"><subfield code="a">Klemens</subfield><subfield code="b">I.</subfield><subfield code="c">Papst</subfield><subfield code="d">ca. 1. Jh.</subfield><subfield code="t">Epistula ad Corinthios</subfield><subfield code="n">2.</subfield><subfield code="0">(DE-588)4248707-9</subfield><subfield code="2">gnd</subfield></datafield><datafield ind1="0" ind2="0" tag="630"><subfield code="a">Second epistle of Clement to the Corinthians</subfield></datafield><datafield ind1=" " ind2="7" tag="655"><subfield code="a">Commentaire de texte</subfield><subfield code="0">(IDREF)27790681</subfield><subfield code="2">idref</subfield></datafield><datafield ind1=" " ind2="7" tag="655"><subfield code="a">Kommentar</subfield><subfield code="2">gnd-content</subfield></datafield><datafield ind1="0" ind2=" " tag="700"><subfield code="a">Clément</subfield><subfield code="b">I</subfield><subfield code="c">pape</subfield><subfield code="c">auteur prétendu</subfield><subfield code="0">(IDREF)30061210</subfield><subfield code="4">cre</subfield></datafield><datafield ind1="1" ind2=" " tag="700"><subfield code="a">Tuckett, Christopher Mark</subfield><subfield code="d">1948-....</subfield><subfield code="0">(IDREF)029773059</subfield></datafield><datafield ind1="0" ind2="2" tag="700"><subfield code="a">Klemens</subfield><subfield code="b">I.</subfield><subfield code="c">Papst</subfield><subfield code="d">ca. 1. Jh.</subfield><subfield code="t">Epistula ad Corinthios</subfield><subfield code="n">2.</subfield><subfield code="0">(DE-588)4248707-9</subfield></datafield><datafield ind1="1" ind2=" " tag="700"><subfield code="a">Tuckett, Christopher M.</subfield><subfield code="d">1948-</subfield><subfield code="0">(DE-588)141748400</subfield></datafield><datafield ind1="4" ind2="2" tag="856"><subfield code="3">Titelblatt und Inhaltsverzeichnis</subfield><subfield code="q">PDF</subfield><subfield code="u">https://urn.ub.unibe.ch/urn:ch:slsp:zbz:9780199694600:ihv:pdf</subfield></datafield><datafield ind1=" " ind2=" " tag="900"><subfield code="a">REROnoselfmerge</subfield></datafield><datafield ind1=" " ind2=" " tag="900"><subfield code="a">IDSZ2zbzmon201211e</subfield><subfield code="c">IDSZ2cato</subfield><subfield code="d">IDSZ2zbzswk201211b</subfield><subfield code="e">IDSZ2schu</subfield></datafield><datafield ind1=" " ind2=" " tag="949"><subfield code="a">https://urn.ub.unibe.ch/urn:ch:slsp:zbz:9780199694600:ihv:pdf</subfield></datafield></record>
</metadata></record>