<record><header><identifier>oai:alma.41SLSP_UGE:991000811379705502</identifier><datestamp>2023-03-01T01:10:17Z</datestamp><setSpec>uge_bcen_RapidILL_BOOK</setSpec><setSpec>uge_aaca_RapidILL_BOOK</setSpec><setSpec>uge_abels_RapidILL_BOOK</setSpec><setSpec>uge_dbu_RapidILL_BOOK</setSpec><setSpec>uge_cmu_RapidILL_BOOK</setSpec><setSpec>uge_mail_RapidILL_BOOK</setSpec><setSpec>UNIGE_ALL</setSpec><setSpec>uge_abbat_RapidILL_BOOK</setSpec><setSpec>uge_aobs_RapidILL_BOOK</setSpec><setSpec>uge_acar_RapidILL_BOOK</setSpec></header><metadata>
<record xmlns="http://www.loc.gov/MARC21/slim" xmlns:xsi="http://www.w3.org/2001/XMLSchema-instance" xsi:schemaLocation="http://www.loc.gov/MARC21/slim http://www.loc.gov/standards/marcxml/schema/MARC21slim.xsd"><leader>01128nam a22003257c 4500</leader><controlfield tag="001">991000811379705502</controlfield><controlfield tag="005">20211102161018.0</controlfield><controlfield tag="008">110803s1933    it ||||| |||| 00| ||ita d</controlfield><datafield ind1=" " ind2=" " tag="035"><subfield code="a">(swissbib)114074275-41slsp_network</subfield></datafield><datafield ind1=" " ind2=" " tag="035"><subfield code="a">114074275</subfield><subfield code="9">ExL</subfield></datafield><datafield ind1=" " ind2=" " tag="035"><subfield code="a">(RERO)R006117282-41slsp</subfield></datafield><datafield ind1=" " ind2=" " tag="035"><subfield code="a">(EXLNZ-41SLSP_NETWORK)991001687129705501</subfield></datafield><datafield ind1=" " ind2=" " tag="040"><subfield code="a">AUM</subfield><subfield code="d">CH-ZuSLS</subfield></datafield><datafield ind1="1" ind2=" " tag="041"><subfield code="a">ita</subfield><subfield code="h">grc</subfield></datafield><datafield ind1=" " ind2="7" tag="072"><subfield code="a">gr</subfield><subfield code="2">rero</subfield></datafield><datafield ind1="0" ind2=" " tag="100"><subfield code="a">Euripide</subfield><subfield code="d">0480-0406 av. J.-C.</subfield><subfield code="0">(IDREF)026854775</subfield><subfield code="4">cre</subfield></datafield><datafield ind1="1" ind2="0" tag="245"><subfield code="a">&lt;&lt;Il&gt;&gt; ciclope d'Euripide</subfield><subfield code="c">tradotto in versi italiani con un saggio critico sul dramma [di] Eugenio della Valle</subfield></datafield><datafield ind1=" " ind2="1" tag="264"><subfield code="a">Bari</subfield><subfield code="b">Laterza</subfield><subfield code="c">1933</subfield></datafield><datafield ind1=" " ind2=" " tag="300"><subfield code="a">99 p.</subfield><subfield code="c">21 cm.</subfield></datafield><datafield ind1=" " ind2=" " tag="336"><subfield code="b">txt</subfield><subfield code="2">rdacontent</subfield></datafield><datafield ind1=" " ind2=" " tag="337"><subfield code="b">n</subfield><subfield code="2">rdamedia</subfield></datafield><datafield ind1=" " ind2=" " tag="338"><subfield code="b">nc</subfield><subfield code="2">rdacarrier</subfield></datafield><datafield ind1="1" ind2=" " tag="490"><subfield code="a">Biblioteca di cultura moderna</subfield><subfield code="v">236</subfield></datafield><datafield ind1=" " ind2=" " tag="500"><subfield code="a">At head of title: Eugenio della Valle</subfield></datafield><datafield ind1=" " ind2=" " tag="500"><subfield code="a">Titre conventionnel: Cyclops</subfield></datafield><datafield ind1=" " ind2=" " tag="504"><subfield code="a">Includes bibliography.</subfield></datafield><datafield ind1="0" ind2="0" tag="600"><subfield code="a">Euripides.</subfield><subfield code="t">Cyclops</subfield></datafield><datafield ind1="1" ind2=" " tag="700"><subfield code="a">Della Valle, Eugenio</subfield><subfield code="d">1962-....</subfield><subfield code="0">(IDREF)146754069</subfield></datafield><datafield ind1=" " ind2="0" tag="830"><subfield code="a">Biblioteca di cultura moderna</subfield><subfield code="p">Laterza</subfield><subfield code="v">236</subfield><subfield code="w">(RERO)0022939-41slsp</subfield></datafield><datafield ind1=" " ind2=" " tag="900"><subfield code="a">REROnoselfmerge</subfield></datafield><datafield ind1=" " ind2=" " tag="910"><subfield code="a">OCoLC</subfield><subfield code="b">20110803</subfield><subfield code="c">Droits réservés</subfield></datafield></record>
</metadata></record>