<record><header><identifier>oai:alma.41SLSP_UGE:991000810759705502</identifier><datestamp>2024-09-21T00:24:55Z</datestamp><setSpec>uge_bcen_RapidILL_BOOK</setSpec><setSpec>uge_aaca_RapidILL_BOOK</setSpec><setSpec>uge_abels_RapidILL_BOOK</setSpec><setSpec>uge_dbu_RapidILL_BOOK</setSpec><setSpec>uge_cmu_RapidILL_BOOK</setSpec><setSpec>uge_mail_RapidILL_BOOK</setSpec><setSpec>uge_abbat_RapidILL_BOOK</setSpec><setSpec>UNIGE_ALL</setSpec><setSpec>uge_acar_RapidILL_BOOK</setSpec><setSpec>uge_aobs_RapidILL_BOOK</setSpec></header><metadata>
<record xmlns="http://www.loc.gov/MARC21/slim" xmlns:xsi="http://www.w3.org/2001/XMLSchema-instance" xsi:schemaLocation="http://www.loc.gov/MARC21/slim http://www.loc.gov/standards/marcxml/schema/MARC21slim.xsd"><leader>01507nam a2200361 c 4500</leader><controlfield tag="001">991000810759705502</controlfield><controlfield tag="005">20240920205930.0</controlfield><controlfield tag="008">201012s1989    xxu||||| |||| 00| ||eng d</controlfield><datafield ind1=" " ind2=" " tag="020"><subfield code="a">0121820807</subfield><subfield code="q">alk. paper</subfield></datafield><datafield ind1=" " ind2=" " tag="035"><subfield code="a">(swissbib)239404904-41slsp_network</subfield></datafield><datafield ind1=" " ind2=" " tag="035"><subfield code="a">239404904</subfield><subfield code="9">ExL</subfield></datafield><datafield ind1=" " ind2=" " tag="035"><subfield code="a">(RERO)1216716-41slsp</subfield></datafield><datafield ind1=" " ind2=" " tag="035"><subfield code="a">(NEBIS)000531851EBI01</subfield></datafield><datafield ind1=" " ind2=" " tag="035"><subfield code="a">(EXLNZ-41SLSP_NETWORK)991108808789705501</subfield></datafield><datafield ind1=" " ind2=" " tag="040"><subfield code="a">RERO geucmu</subfield><subfield code="d">CH-ZuSLS</subfield></datafield><datafield ind1=" " ind2="7" tag="072"><subfield code="a">bi</subfield><subfield code="2">rero</subfield></datafield><datafield ind1="0" ind2="0" tag="245"><subfield code="a">Complex carbohydrates</subfield><subfield code="n">Part F</subfield><subfield code="c">ed. by Victor Ginsburg</subfield></datafield><datafield ind1=" " ind2="1" tag="264"><subfield code="a">San Diego</subfield><subfield code="a">New York [etc.]</subfield><subfield code="b">Academic Press</subfield><subfield code="c">[1989]</subfield></datafield><datafield ind1=" " ind2="4" tag="264"><subfield code="c">© 1989</subfield></datafield><datafield ind1=" " ind2=" " tag="300"><subfield code="a">XXXI, 639 p.</subfield><subfield code="b">ill.</subfield><subfield code="c">24 cm</subfield></datafield><datafield ind1=" " ind2=" " tag="336"><subfield code="b">txt</subfield><subfield code="2">rdacontent</subfield></datafield><datafield ind1=" " ind2=" " tag="337"><subfield code="b">n</subfield><subfield code="2">rdamedia</subfield></datafield><datafield ind1=" " ind2=" " tag="338"><subfield code="b">nc</subfield><subfield code="2">rdacarrier</subfield></datafield><datafield ind1="1" ind2=" " tag="490"><subfield code="a">Methods in enzymology</subfield><subfield code="v">vol. 179</subfield></datafield><datafield ind1="1" ind2=" " tag="490"><subfield code="a">Complex carbohydrates</subfield><subfield code="v">Part F</subfield></datafield><datafield ind1=" " ind2="7" tag="650"><subfield code="a">BIOCHEMISCHE UND MOLEKULARBIOLOGISCHE EXPERIMENTE, METHODEN UND TECHNIKEN</subfield><subfield code="9">ger</subfield><subfield code="0">(ETHUDK)000021367</subfield><subfield code="2">ethudk</subfield></datafield><datafield ind1=" " ind2="7" tag="650"><subfield code="a">ENZYMMETHODIK + EXPERIMENTELLE ENZYMOLOGIE</subfield><subfield code="9">ger</subfield><subfield code="0">(ETHUDK)000022015</subfield><subfield code="2">ethudk</subfield></datafield><datafield ind1=" " ind2="7" tag="650"><subfield code="a">EXPERIMENTELLE TECHNIKEN/METABOLISMUS- UND BIOTRANSFORMATIONSUNTERSUCHUNGEN (BIOCHEMIE)</subfield><subfield code="9">ger</subfield><subfield code="0">(ETHUDK)000044327</subfield><subfield code="2">ethudk</subfield></datafield><datafield ind1=" " ind2="7" tag="650"><subfield code="a">KOHLENHYDRATE (BIOCHEMIE)</subfield><subfield code="9">ger</subfield><subfield code="0">(ETHUDK)000021915</subfield><subfield code="2">ethudk</subfield></datafield><datafield ind1=" " ind2="7" tag="650"><subfield code="a">KOHLENHYDRATMETABOLISMUS</subfield><subfield code="9">ger</subfield><subfield code="0">(ETHUDK)000021984</subfield><subfield code="2">ethudk</subfield></datafield><datafield ind1="1" ind2=" " tag="700"><subfield code="a">Ginsburg, Victor</subfield><subfield code="d">1930-2003</subfield><subfield code="0">(IDREF)031581544</subfield></datafield><datafield ind1=" " ind2=" " tag="830"><subfield code="a">Complex carbohydrates</subfield><subfield code="v">F</subfield><subfield code="w">(NEBIS)000531808EBI01</subfield></datafield><datafield ind1=" " ind2=" " tag="830"><subfield code="a">Methods in enzymology</subfield><subfield code="v">179</subfield><subfield code="w">(NEBIS)000050760EBI01</subfield></datafield><datafield ind1=" " ind2=" " tag="900"><subfield code="a">REROnoselfmerge</subfield></datafield></record>
</metadata></record>