<record><header><identifier>oai:alma.41SLSP_UGE:991000811179705502</identifier><datestamp>2023-03-27T00:20:57Z</datestamp><setSpec>uge_bcen_RapidILL_BOOK</setSpec><setSpec>uge_aaca_RapidILL_BOOK</setSpec><setSpec>uge_abels_RapidILL_BOOK</setSpec><setSpec>uge_dbu_RapidILL_BOOK</setSpec><setSpec>uge_cmu_RapidILL_BOOK</setSpec><setSpec>uge_mail_RapidILL_BOOK</setSpec><setSpec>uge_abbat_RapidILL_BOOK</setSpec><setSpec>UNIGE_ALL</setSpec><setSpec>uge_acar_RapidILL_BOOK</setSpec><setSpec>uge_aobs_RapidILL_BOOK</setSpec></header><metadata>
<record xmlns="http://www.loc.gov/MARC21/slim" xmlns:xsi="http://www.w3.org/2001/XMLSchema-instance" xsi:schemaLocation="http://www.loc.gov/MARC21/slim http://www.loc.gov/standards/marcxml/schema/MARC21slim.xsd"><leader>02826nam a2200661 c 4500</leader><controlfield tag="001">991000811179705502</controlfield><controlfield tag="005">20230326204733.0</controlfield><controlfield tag="008">201011s2001    sz ||||| |||| 00| ||fre d</controlfield><datafield ind1=" " ind2=" " tag="020"><subfield code="a">260000615X</subfield></datafield><datafield ind1=" " ind2=" " tag="035"><subfield code="a">(swissbib)227942450-41slsp_network</subfield></datafield><datafield ind1=" " ind2=" " tag="035"><subfield code="a">227942450</subfield><subfield code="9">ExL</subfield></datafield><datafield ind1=" " ind2=" " tag="035"><subfield code="a">(RERO)R003131208-41slsp</subfield></datafield><datafield ind1=" " ind2=" " tag="035"><subfield code="a">(IDSBB)002429965DSV01</subfield></datafield><datafield ind1=" " ind2=" " tag="035"><subfield code="a">(NEBIS)004172786EBI01</subfield></datafield><datafield ind1=" " ind2=" " tag="035"><subfield code="a">(EXLNZ-41SLSP_NETWORK)991007616539705501</subfield></datafield><datafield ind1=" " ind2=" " tag="040"><subfield code="a">RERO gevbpu</subfield><subfield code="d">CH-ZuSLS</subfield></datafield><datafield ind1=" " ind2=" " tag="044"><subfield code="a">sz</subfield><subfield code="c">ch-ge</subfield></datafield><datafield ind1=" " ind2="7" tag="072"><subfield code="a">dr</subfield><subfield code="2">rero</subfield></datafield><datafield ind1=" " ind2="7" tag="072"><subfield code="a">ng</subfield><subfield code="2">SzZuIDS BS/BE</subfield></datafield><datafield ind1=" " ind2="7" tag="072"><subfield code="a">rw</subfield><subfield code="2">SzZuIDS BS/BE</subfield></datafield><datafield ind1="0" ind2="0" tag="082"><subfield code="a">349.4409</subfield><subfield code="2">22</subfield></datafield><datafield ind1="0" ind2="4" tag="082"><subfield code="a">340</subfield><subfield code="2">21</subfield></datafield><datafield ind1="1" ind2="4" tag="082"><subfield code="a">944.04</subfield><subfield code="2">21</subfield></datafield><datafield ind1="1" ind2="4" tag="082"><subfield code="a">900</subfield><subfield code="2">15</subfield></datafield><datafield ind1="1" ind2="4" tag="082"><subfield code="a">340</subfield><subfield code="2">15</subfield></datafield><datafield ind1="1" ind2=" " tag="100"><subfield code="a">Lafon, Jacqueline Lucienne</subfield><subfield code="0">(IDREF)03175872X</subfield><subfield code="4">cre</subfield></datafield><datafield ind1="1" ind2="0" tag="245"><subfield code="a">&lt;&lt;La&gt;&gt; Révolution française face au système judiciaire d'Ancien Régime</subfield><subfield code="c">Jacqueline Lucienne Lafon ; préf. de François Monnier</subfield></datafield><datafield ind1=" " ind2="1" tag="264"><subfield code="a">Genève</subfield><subfield code="b">Droz</subfield><subfield code="a">Paris</subfield><subfield code="b">Champion</subfield><subfield code="c">2001</subfield></datafield><datafield ind1=" " ind2=" " tag="300"><subfield code="a">464 p.</subfield><subfield code="c">22 cm</subfield></datafield><datafield ind1=" " ind2=" " tag="336"><subfield code="b">txt</subfield><subfield code="2">rdacontent</subfield></datafield><datafield ind1=" " ind2=" " tag="337"><subfield code="b">n</subfield><subfield code="2">rdamedia</subfield></datafield><datafield ind1=" " ind2=" " tag="338"><subfield code="b">nc</subfield><subfield code="2">rdacarrier</subfield></datafield><datafield ind1="1" ind2=" " tag="490"><subfield code="a">Hautes études médiévales et modernes</subfield><subfield code="v">81</subfield></datafield><datafield ind1="4" ind2=" " tag="510"><subfield code="a">Annales : histoire, sciences sociales. - Paris. - Année 57(2002), no 6, p. 1671 (Christophe Blanquie)</subfield></datafield><datafield ind1="4" ind2=" " tag="510"><subfield code="a">Crime, histoire &amp;[et] sociétés. - Genève. - Vol. 8(2004), no 2, p. 180-181 (William Doyle)</subfield></datafield><datafield ind1=" " ind2="7" tag="648"><subfield code="a">Geschichte</subfield><subfield code="2">idszbz</subfield></datafield><datafield ind1=" " ind2="7" tag="648"><subfield code="a">Geschichte 1750-1800</subfield><subfield code="2">idszbz</subfield></datafield><datafield ind1=" " ind2="7" tag="650"><subfield code="a">organisation judiciaire</subfield><subfield code="0">(RERO)A009953000</subfield><subfield code="2">rerovoc</subfield></datafield><datafield ind1=" " ind2="7" tag="650"><subfield code="a">Pouvoir judiciaire</subfield><subfield code="0">(IDREF)050622854</subfield><subfield code="2">idref</subfield></datafield><datafield ind1=" " ind2="7" tag="650"><subfield code="a">1789-1790</subfield><subfield code="2">rero</subfield></datafield><datafield ind1=" " ind2="7" tag="650"><subfield code="a">Révolution française (France ; 1789-1799)</subfield><subfield code="0">(RERO)A022469542</subfield><subfield code="2">rero</subfield></datafield><datafield ind1=" " ind2="7" tag="650"><subfield code="a">Rechtssystem</subfield><subfield code="z">Frankreich</subfield><subfield code="y">Geschichte 18. Jh</subfield><subfield code="2">idsbb</subfield></datafield><datafield ind1=" " ind2="7" tag="650"><subfield code="a">Französische Revolution</subfield><subfield code="x">Recht</subfield><subfield code="2">idsbb</subfield></datafield><datafield ind1=" " ind2="7" tag="650"><subfield code="a">Recht</subfield><subfield code="x">Französische Revolution</subfield><subfield code="2">idsbb</subfield></datafield><datafield ind1=" " ind2="7" tag="650"><subfield code="a">Französische Revolution</subfield><subfield code="2">idszbz</subfield></datafield><datafield ind1=" " ind2="7" tag="650"><subfield code="a">Gerichtsbarkeit</subfield><subfield code="2">idszbz</subfield></datafield><datafield ind1=" " ind2="7" tag="650"><subfield code="a">Reform</subfield><subfield code="2">idszbz</subfield></datafield><datafield ind1=" " ind2="7" tag="650"><subfield code="a">Ancien régime</subfield><subfield code="0">(DE-588)4142381-1</subfield><subfield code="2">gnd</subfield></datafield><datafield ind1=" " ind2="7" tag="650"><subfield code="a">Französische Revolution</subfield><subfield code="0">(DE-588)4018183-2</subfield><subfield code="2">gnd</subfield></datafield><datafield ind1=" " ind2="7" tag="650"><subfield code="a">Justiz</subfield><subfield code="0">(DE-588)4073136-4</subfield><subfield code="2">gnd</subfield></datafield><datafield ind1=" " ind2="7" tag="650"><subfield code="a">Rechtssystem</subfield><subfield code="0">(DE-588)4139924-9</subfield><subfield code="2">gnd</subfield></datafield><datafield ind1=" " ind2="0" tag="650"><subfield code="a">Law</subfield><subfield code="z">France</subfield><subfield code="x">History</subfield></datafield><datafield ind1=" " ind2="7" tag="651"><subfield code="a">Frankreich</subfield><subfield code="2">idszbz</subfield></datafield><datafield ind1=" " ind2="0" tag="651"><subfield code="a">France</subfield><subfield code="x">History</subfield><subfield code="y">Revolution, 1789-1799</subfield></datafield><datafield ind1=" " ind2="0" tag="830"><subfield code="a">Ecole pratique des hautes études</subfield><subfield code="n">Section 4</subfield><subfield code="n">5</subfield><subfield code="p">Sciences historiques et philologiques</subfield><subfield code="p">Hautes études médiévales et modernes</subfield><subfield code="v">81</subfield><subfield code="w">(IDSBB)000017337DSV01</subfield></datafield><datafield ind1=" " ind2="0" tag="830"><subfield code="a">Hautes études médiévales et modernes</subfield><subfield code="v">81</subfield><subfield code="w">(RERO)0001488-41slsp</subfield></datafield><datafield ind1=" " ind2="0" tag="830"><subfield code="a">Ecole pratique des hautes études</subfield><subfield code="p">Section 4, Sciences historiques et philologiques</subfield><subfield code="p">5, Hautes études médiévales et modernes</subfield><subfield code="v">81</subfield><subfield code="w">(NEBIS)001668076EBI01</subfield></datafield><datafield ind1=" " ind2=" " tag="900"><subfield code="a">REROnoselfmerge</subfield></datafield><datafield ind1=" " ind2=" " tag="900"><subfield code="a">IDSZ2zbzmon200108e</subfield><subfield code="c">IDSZ2haab</subfield><subfield code="d">IDSZ2zbzswk200108b</subfield><subfield code="e">IDSZ2brue</subfield></datafield></record>
</metadata></record>