<record><header><identifier>oai:alma.41SLSP_UGE:991000810739705502</identifier><datestamp>2024-11-13T01:07:50Z</datestamp><setSpec>uge_bcen_RapidILL_BOOK</setSpec><setSpec>uge_aaca_RapidILL_BOOK</setSpec><setSpec>uge_abels_RapidILL_BOOK</setSpec><setSpec>uge_dbu_RapidILL_BOOK</setSpec><setSpec>uge_cmu_RapidILL_BOOK</setSpec><setSpec>uge_mail_RapidILL_BOOK</setSpec><setSpec>uge_abbat_RapidILL_BOOK</setSpec><setSpec>UNIGE_ALL</setSpec><setSpec>uge_acar_RapidILL_BOOK</setSpec><setSpec>uge_aobs_RapidILL_BOOK</setSpec></header><metadata>
<record xmlns="http://www.loc.gov/MARC21/slim" xmlns:xsi="http://www.w3.org/2001/XMLSchema-instance" xsi:schemaLocation="http://www.loc.gov/MARC21/slim http://www.loc.gov/standards/marcxml/schema/MARC21slim.xsd"><leader>02581nam a2200649 c 4500</leader><controlfield tag="001">991000810739705502</controlfield><controlfield tag="005">20230817154617.0</controlfield><controlfield tag="008">201011t19991999gw ||||| |||| 00| ||ger d</controlfield><datafield ind1=" " ind2=" " tag="019"><subfield code="a">z990708</subfield><subfield code="5">NEBIS/31.12.02 UPBEA</subfield></datafield><datafield ind1=" " ind2=" " tag="019"><subfield code="a">Datenimport aus BIBDIA ZB Solothurn</subfield><subfield code="5">IDSBB/09.01.2019/A150/bmt</subfield></datafield><datafield ind1="7" ind2=" " tag="024"><subfield code="a">http://catalogue.bnf.fr/ark:/12148/cb371953410</subfield><subfield code="2">uri</subfield></datafield><datafield ind1=" " ind2=" " tag="035"><subfield code="a">(swissbib)219050147-41slsp_network</subfield></datafield><datafield ind1=" " ind2=" " tag="035"><subfield code="a">219050147</subfield><subfield code="9">ExL</subfield></datafield><datafield ind1=" " ind2=" " tag="035"><subfield code="a">(RERO)R256058560-41slsp</subfield></datafield><datafield ind1=" " ind2=" " tag="035"><subfield code="a">(NEBIS)004699349EBI01</subfield></datafield><datafield ind1=" " ind2=" " tag="035"><subfield code="a">(IDSBB)001634637DSV01</subfield></datafield><datafield ind1=" " ind2=" " tag="035"><subfield code="a">(NEBIS)008478023EBI01</subfield></datafield><datafield ind1=" " ind2=" " tag="035"><subfield code="a">(IDSLU)000174594ILU01</subfield></datafield><datafield ind1=" " ind2=" " tag="035"><subfield code="a">(IDSBB)006938461DSV01</subfield></datafield><datafield ind1=" " ind2=" " tag="035"><subfield code="a">(EXLNZ-41SLSP_NETWORK)991052919449705501</subfield></datafield><datafield ind1=" " ind2=" " tag="040"><subfield code="a">RERO geulal</subfield><subfield code="d">CH-ZuSLS</subfield></datafield><datafield ind1=" " ind2="7" tag="072"><subfield code="a">hm</subfield><subfield code="2">rero</subfield></datafield><datafield ind1=" " ind2="7" tag="072"><subfield code="a">th</subfield><subfield code="2">SzZuIDS BS/BE</subfield></datafield><datafield ind1="0" ind2="0" tag="245"><subfield code="a">&lt;&lt;Das&gt;&gt; Kloster St. Gallen im Mittelalter</subfield><subfield code="b">die kulturelle Blüte vom 8. bis zum 12. Jahrhundert</subfield><subfield code="c">Peter Ochsenbein (Hrsg.)</subfield></datafield><datafield ind1=" " ind2="1" tag="264"><subfield code="a">Darmstadt</subfield><subfield code="b">Wissenschaftliche Buchgesellschaft</subfield><subfield code="c">[1999]</subfield></datafield><datafield ind1=" " ind2="4" tag="264"><subfield code="c">© 1999</subfield></datafield><datafield ind1=" " ind2=" " tag="300"><subfield code="a">288 S.</subfield><subfield code="b">Ill.</subfield><subfield code="c">30 cm</subfield></datafield><datafield ind1=" " ind2=" " tag="336"><subfield code="b">txt</subfield><subfield code="2">rdacontent</subfield></datafield><datafield ind1=" " ind2=" " tag="337"><subfield code="b">n</subfield><subfield code="2">rdamedia</subfield></datafield><datafield ind1=" " ind2=" " tag="338"><subfield code="b">nc</subfield><subfield code="2">rdacarrier</subfield></datafield><datafield ind1=" " ind2=" " tag="504"><subfield code="a">Literaturverz. S. 223-271, 283-287</subfield></datafield><datafield ind1="2" ind2="7" tag="610"><subfield code="a">Kloster Sankt Gallen</subfield><subfield code="0">(DE-588)4131449-9</subfield><subfield code="2">gnd</subfield></datafield><datafield ind1=" " ind2="7" tag="648"><subfield code="a">Geschichte 700-1200</subfield><subfield code="2">gnd</subfield></datafield><datafield ind1=" " ind2="7" tag="648"><subfield code="a">Geschichte 700-1300</subfield><subfield code="2">gnd</subfield></datafield><datafield ind1=" " ind2="7" tag="650"><subfield code="a">Bénédictins</subfield><subfield code="0">(IDREF)050547410</subfield><subfield code="2">idref</subfield></datafield><datafield ind1=" " ind2="7" tag="650"><subfield code="a">Abbayes</subfield><subfield code="0">(IDREF)027268535</subfield><subfield code="2">idref</subfield></datafield><datafield ind1=" " ind2="7" tag="650"><subfield code="a">Moyen âge</subfield><subfield code="0">(IDREF)027329917</subfield><subfield code="2">idref</subfield></datafield><datafield ind1=" " ind2="7" tag="650"><subfield code="a">Vie littéraire</subfield><subfield code="0">(IDREF)169177289</subfield><subfield code="2">idref</subfield></datafield><datafield ind1=" " ind2="7" tag="650"><subfield code="a">Buchmalerei</subfield><subfield code="0">(DE-588)4008650-1</subfield><subfield code="2">gnd</subfield></datafield><datafield ind1=" " ind2="7" tag="650"><subfield code="a">Kirchengeschichte</subfield><subfield code="0">(DE-588)4030720-7</subfield><subfield code="2">gnd</subfield></datafield><datafield ind1=" " ind2="7" tag="650"><subfield code="a">Kloster</subfield><subfield code="0">(DE-588)4031225-2</subfield><subfield code="2">gnd</subfield></datafield><datafield ind1=" " ind2="7" tag="650"><subfield code="a">Kultur</subfield><subfield code="x">Geschichte</subfield><subfield code="2">swd</subfield></datafield><datafield ind1=" " ind2="7" tag="651"><subfield code="a">Saint-Gall (Saint-Gall, Suisse)</subfield><subfield code="0">(IDREF)027465012</subfield><subfield code="2">idref</subfield></datafield><datafield ind1=" " ind2="7" tag="651"><subfield code="a">Sankt Gallen (Stadt)</subfield><subfield code="x">Kloster</subfield><subfield code="y">Geschichte Mittelalter</subfield><subfield code="2">idsbb</subfield></datafield><datafield ind1=" " ind2="7" tag="651"><subfield code="a">Sankt Gallen</subfield><subfield code="0">(DE-588)4051594-1</subfield><subfield code="2">gnd</subfield></datafield><datafield ind1=" " ind2="7" tag="655"><subfield code="a">[Études diverses]</subfield><subfield code="0">(RERO)A022249905</subfield><subfield code="2">rero</subfield></datafield><datafield ind1=" " ind2="7" tag="655"><subfield code="a">Bildband</subfield><subfield code="2">gnd-content</subfield></datafield><datafield ind1=" " ind2=" " tag="690"><subfield code="a">Sankt Gallen (Kloster)</subfield><subfield code="2">rzh-UA</subfield></datafield><datafield ind1=" " ind2=" " tag="690"><subfield code="a">St. Gallen (Kloster). übrige</subfield><subfield code="2">rzs-L2</subfield></datafield><datafield ind1=" " ind2=" " tag="690"><subfield code="a">Kloster. einzelne</subfield><subfield code="2">rzs-L2</subfield></datafield><datafield ind1=" " ind2=" " tag="690"><subfield code="a">Kulturgeschichte</subfield><subfield code="2">rzs-L2</subfield></datafield><datafield ind1=" " ind2=" " tag="690"><subfield code="a">Sankt Gallen (Stadt) : Religion</subfield><subfield code="2">zbs-FS</subfield></datafield><datafield ind1=" " ind2=" " tag="690"><subfield code="a">Sankt Gallen (Stadt) : Kulturgeschichte : 700-1200</subfield><subfield code="2">zbs-FS</subfield></datafield><datafield ind1="1" ind2=" " tag="700"><subfield code="a">Ochsenbein, Peter</subfield><subfield code="d">1940-2003</subfield><subfield code="6">880-02</subfield><subfield code="0">(DE-588)122482506</subfield></datafield><datafield ind1="1" ind2=" " tag="880"><subfield code="6">700-02</subfield><subfield code="a">Ochsenbein, Peter</subfield><subfield code="d">1940-2003</subfield><subfield code="0">(IDREF)030041171</subfield></datafield><datafield ind1=" " ind2=" " tag="900"><subfield code="a">REROnoselfmerge</subfield></datafield><datafield ind1=" " ind2=" " tag="900"><subfield code="a">IDSZ2mugmon200404i</subfield><subfield code="c">IDSZ2morg</subfield></datafield><datafield ind1=" " ind2=" " tag="900"><subfield code="a">IDSBBnoselfmerge</subfield></datafield></record>
</metadata></record>