<record><header><identifier>oai:alma.41SLSP_UGE:991000811469705502</identifier><datestamp>2024-11-15T01:09:56Z</datestamp><setSpec>uge_bcen_RapidILL_BOOK</setSpec><setSpec>uge_aaca_RapidILL_BOOK</setSpec><setSpec>uge_abels_RapidILL_BOOK</setSpec><setSpec>uge_dbu_RapidILL_BOOK</setSpec><setSpec>uge_cmu_RapidILL_BOOK</setSpec><setSpec>uge_mail_RapidILL_BOOK</setSpec><setSpec>uge_abbat_RapidILL_BOOK</setSpec><setSpec>UNIGE_ALL</setSpec><setSpec>uge_aobs_RapidILL_BOOK</setSpec><setSpec>uge_acar_RapidILL_BOOK</setSpec></header><metadata>
<record xmlns="http://www.loc.gov/MARC21/slim" xmlns:xsi="http://www.w3.org/2001/XMLSchema-instance" xsi:schemaLocation="http://www.loc.gov/MARC21/slim http://www.loc.gov/standards/marcxml/schema/MARC21slim.xsd"><leader>04397nam a2200889 c 4500</leader><controlfield tag="001">991000811469705502</controlfield><controlfield tag="005">20241114180438.0</controlfield><controlfield tag="008">201012s2006    it ||||| |||| 00| ||fre d</controlfield><datafield ind1=" " ind2=" " tag="020"><subfield code="a">8876249591</subfield><subfield code="q">br.</subfield><subfield code="c">EUR 18.-</subfield></datafield><datafield ind1=" " ind2=" " tag="020"><subfield code="a">9788876249594</subfield></datafield><datafield ind1=" " ind2=" " tag="035"><subfield code="a">(swissbib)239591453-41slsp_network</subfield></datafield><datafield ind1=" " ind2=" " tag="035"><subfield code="a">239591453</subfield><subfield code="9">ExL</subfield></datafield><datafield ind1=" " ind2=" " tag="035"><subfield code="a">(RERO)R004267614-41slsp</subfield></datafield><datafield ind1=" " ind2=" " tag="035"><subfield code="a">(IDSBB)004214406DSV01</subfield></datafield><datafield ind1=" " ind2=" " tag="035"><subfield code="a">(NEBIS)005310311EBI01</subfield></datafield><datafield ind1=" " ind2=" " tag="035"><subfield code="a">(SBT)000527201SBT01</subfield></datafield><datafield ind1=" " ind2=" " tag="035"><subfield code="a">(SLB)vtls001476987</subfield></datafield><datafield ind1=" " ind2=" " tag="035"><subfield code="a">(EXLNZ-41SLSP_NETWORK)991037304989705501</subfield></datafield><datafield ind1=" " ind2=" " tag="040"><subfield code="a">RERO geiued</subfield><subfield code="d">CH-ZuSLS</subfield></datafield><datafield ind1="0" ind2=" " tag="041"><subfield code="a">fre</subfield><subfield code="a">eng</subfield></datafield><datafield ind1=" " ind2="7" tag="072"><subfield code="a">kh</subfield><subfield code="2">SzZuIDS BS/BE</subfield></datafield><datafield ind1=" " ind2="7" tag="072"><subfield code="a">bo</subfield><subfield code="2">SzZuIDS BS/BE</subfield></datafield><datafield ind1=" " ind2="7" tag="072"><subfield code="a">ur</subfield><subfield code="2">rero</subfield></datafield><datafield ind1="1" ind2="4" tag="082"><subfield code="a">580</subfield><subfield code="2">15</subfield></datafield><datafield ind1="1" ind2=" " tag="100"><subfield code="a">Clément, Gilles</subfield><subfield code="0">(RERO)A003112571</subfield><subfield code="4">cre</subfield><subfield code="6">880-01</subfield></datafield><datafield ind1="1" ind2=" " tag="880"><subfield code="a">Clément, Gilles</subfield><subfield code="d">1943-</subfield><subfield code="0">(DE-588)119392437</subfield><subfield code="6">100-01</subfield></datafield><datafield ind1="1" ind2="0" tag="245"><subfield code="a">Environ(ne)ment</subfield><subfield code="b">manières d'agir pour demain = approaches for tomorrow</subfield><subfield code="c">Gilles Clément, Philippe Rahm ; sous la dir. de Giovanna Borasi</subfield></datafield><datafield ind1="1" ind2=" " tag="246"><subfield code="a">Environnement, manières d'agir pour demain</subfield></datafield><datafield ind1="1" ind2=" " tag="246"><subfield code="a">Environment, approaches for tomorrow</subfield></datafield><datafield ind1="1" ind2="3" tag="246"><subfield code="a">Environment</subfield></datafield><datafield ind1="1" ind2="1" tag="246"><subfield code="a">approaches for tomorrow</subfield></datafield><datafield ind1="1" ind2="3" tag="246"><subfield code="a">Environnement</subfield></datafield><datafield ind1="1" ind2="3" tag="246"><subfield code="a">Environnement</subfield></datafield><datafield ind1=" " ind2="1" tag="264"><subfield code="a">Milano</subfield><subfield code="b">Skira</subfield><subfield code="c">2006</subfield></datafield><datafield ind1=" " ind2=" " tag="300"><subfield code="a">160 p.</subfield><subfield code="b">ill. en coul.</subfield><subfield code="c">22 cm</subfield></datafield><datafield ind1=" " ind2=" " tag="336"><subfield code="b">txt</subfield><subfield code="2">rdacontent</subfield></datafield><datafield ind1=" " ind2=" " tag="337"><subfield code="b">n</subfield><subfield code="2">rdamedia</subfield></datafield><datafield ind1=" " ind2=" " tag="338"><subfield code="b">nc</subfield><subfield code="2">rdacarrier</subfield></datafield><datafield ind1=" " ind2=" " tag="500"><subfield code="a">Texte bilingue français et anglais</subfield></datafield><datafield ind1=" " ind2=" " tag="500"><subfield code="a">Ouvrage publié à l'occasion de l'exposition du même nom présentée au Centre Canadien d'Architecture (CCA) à Montréal, du 17 octobre 2006 au 23 avril 2007</subfield></datafield><datafield ind1=" " ind2=" " tag="500"><subfield code="a">Katalog zur Ausstellung: CCA, Centre canadien d'architecture, Montréal, du 17 octobre 2006 au 23 avril 2007</subfield></datafield><datafield ind1=" " ind2=" " tag="500"><subfield code="a">Publ. à l'occasion de l'exposition Environ(ne)ment : manières d'agir pour demain - approaches for tomorrow produite par le Centre Canadien d'Architecture à Montréal et présentée au CCA du 17 octobre 2006 au 23 avril 2007</subfield></datafield><datafield ind1=" " ind2=" " tag="500"><subfield code="a">Testi in francese e inglese</subfield></datafield><datafield ind1="1" ind2="7" tag="600"><subfield code="a">Clément, Gilles</subfield><subfield code="d">1943-</subfield><subfield code="0">(DE-588)119392437</subfield><subfield code="2">gnd</subfield></datafield><datafield ind1="1" ind2="7" tag="600"><subfield code="a">Rahm, Philippe</subfield><subfield code="d">1967-</subfield><subfield code="0">(DE-588)124564429</subfield><subfield code="2">gnd</subfield></datafield><datafield ind1="1" ind2="7" tag="600"><subfield code="a">Clément, Gilles</subfield><subfield code="2">idsbb</subfield></datafield><datafield ind1="1" ind2="7" tag="600"><subfield code="a">Clément, Gilles</subfield><subfield code="v">Ausstellungskatalog</subfield><subfield code="2">idsbb</subfield></datafield><datafield ind1="1" ind2="7" tag="600"><subfield code="a">Rahm, Philippe</subfield><subfield code="2">idsbb</subfield></datafield><datafield ind1="1" ind2="7" tag="600"><subfield code="a">Rahm, Philippe</subfield><subfield code="v">Ausstellungskatalog</subfield><subfield code="2">idsbb</subfield></datafield><datafield ind1="1" ind2="7" tag="600"><subfield code="a">Clément, Gilles</subfield><subfield code="x">Cataloghi di esposizioni</subfield><subfield code="2">sbt12</subfield></datafield><datafield ind1="1" ind2="7" tag="600"><subfield code="a">Rahm, Philippe</subfield><subfield code="x">Cataloghi di esposizioni</subfield><subfield code="2">sbt12</subfield></datafield><datafield ind1=" " ind2="7" tag="650"><subfield code="a">équilibre biologique</subfield><subfield code="0">(RERO)A009987729</subfield><subfield code="2">rerovoc</subfield></datafield><datafield ind1=" " ind2="7" tag="650"><subfield code="a">Terre</subfield><subfield code="0">(IDREF)027792811</subfield><subfield code="2">idref</subfield></datafield><datafield ind1=" " ind2="7" tag="650"><subfield code="a">Environnement</subfield><subfield code="0">(IDREF)027772616</subfield><subfield code="2">idref</subfield></datafield><datafield ind1=" " ind2="7" tag="650"><subfield code="a">Protection</subfield><subfield code="0">(IDREF)027790150</subfield><subfield code="2">idref</subfield></datafield><datafield ind1=" " ind2="7" tag="650"><subfield code="a">Architektur</subfield><subfield code="0">(DE-588)4002851-3</subfield><subfield code="2">gnd</subfield></datafield><datafield ind1=" " ind2="7" tag="650"><subfield code="a">Installation</subfield><subfield code="g">Kunst</subfield><subfield code="0">(DE-588)4131808-0</subfield><subfield code="2">gnd</subfield></datafield><datafield ind1=" " ind2="7" tag="650"><subfield code="a">Landschaftsgestaltung</subfield><subfield code="0">(DE-588)4034350-9</subfield><subfield code="2">gnd</subfield></datafield><datafield ind1=" " ind2="7" tag="650"><subfield code="a">Umwelt</subfield><subfield code="0">(DE-588)4061616-2</subfield><subfield code="2">gnd</subfield></datafield><datafield ind1=" " ind2="7" tag="650"><subfield code="a">Landschaftsplanung</subfield><subfield code="x">Umweltwahrnehmung</subfield><subfield code="v">Ausstellungskatalog</subfield><subfield code="2">idsbb</subfield></datafield><datafield ind1=" " ind2="7" tag="650"><subfield code="a">Umweltwahrnehmung</subfield><subfield code="x">Landschaftsplanung</subfield><subfield code="v">Ausstellungskatalog</subfield><subfield code="2">idsbb</subfield></datafield><datafield ind1=" " ind2="7" tag="650"><subfield code="a">ARCHITECTURE ÉCOLOGIQUE + ARCHITECTURE BIOLOGIQUE</subfield><subfield code="9">fre</subfield><subfield code="0">(ETHUDK)000046831</subfield><subfield code="2">ethudk</subfield></datafield><datafield ind1=" " ind2="7" tag="650"><subfield code="a">CONSERVATION DES JARDINS HISTORIQUES (CONSERVATION DES MONUMENTS HISTORIQUES)</subfield><subfield code="9">fre</subfield><subfield code="0">(ETHUDK)000051467</subfield><subfield code="2">ethudk</subfield></datafield><datafield ind1=" " ind2="7" tag="650"><subfield code="a">DÉVELOPPEMENT DURABLE</subfield><subfield code="9">fre</subfield><subfield code="0">(ETHUDK)000050735</subfield><subfield code="2">ethudk</subfield></datafield><datafield ind1=" " ind2="7" tag="650"><subfield code="a">MESURES DE PROTECTION DE L'ENVIRONNEMENT</subfield><subfield code="9">fre</subfield><subfield code="0">(ETHUDK)000012432</subfield><subfield code="2">ethudk</subfield></datafield><datafield ind1=" " ind2="7" tag="650"><subfield code="a">ÉTHIQUE DE L'ENVIRONNEMENT + CONSCIENCE DE L'ENVIRONNEMENT + COMPRÉHENSION DE L'ENVIRONNEMENT (ÉTHIQUE)</subfield><subfield code="9">fre</subfield><subfield code="0">(ETHUDK)000009757</subfield><subfield code="2">ethudk</subfield></datafield><datafield ind1=" " ind2="7" tag="650"><subfield code="a">Paesaggio</subfield><subfield code="x">Sistemazione</subfield><subfield code="x">Cataloghi di esposizioni</subfield><subfield code="2">sbt12</subfield></datafield><datafield ind1=" " ind2="7" tag="655"><subfield code="a">Ausstellungskatalog</subfield><subfield code="z">Montréal</subfield><subfield code="y">2006</subfield><subfield code="2">gnd-content</subfield></datafield><datafield ind1=" " ind2="7" tag="655"><subfield code="a">Ausstellungskatalog</subfield><subfield code="z">Montréal</subfield><subfield code="y">2006-2007</subfield><subfield code="2">gnd-content</subfield></datafield><datafield ind1=" " ind2="7" tag="655"><subfield code="a">Ausstellungskatalog</subfield><subfield code="z">Montréal (Qué.)</subfield><subfield code="y">2006/2007</subfield><subfield code="2">gnd-content</subfield></datafield><datafield ind1=" " ind2=" " tag="691"><subfield code="e">712.030</subfield><subfield code="2">usi-TM</subfield></datafield><datafield ind1="1" ind2=" " tag="700"><subfield code="a">Rahm, Philippe</subfield><subfield code="d">1967-</subfield><subfield code="0">(DE-588)124564429</subfield><subfield code="6">880-02</subfield></datafield><datafield ind1="1" ind2=" " tag="880"><subfield code="a">Rahm, Philippe</subfield><subfield code="0">(RERO)A008813124</subfield><subfield code="6">700-02</subfield></datafield><datafield ind1="1" ind2=" " tag="700"><subfield code="a">Borasi, Giovanna</subfield><subfield code="d">1971-</subfield><subfield code="0">(DE-588)1146921047</subfield><subfield code="6">880-03</subfield></datafield><datafield ind1="1" ind2=" " tag="880"><subfield code="6">700-03</subfield><subfield code="a">Borasi, Giovanna</subfield><subfield code="d">1971-....</subfield><subfield code="0">(IDREF)113436955</subfield></datafield><datafield ind1="2" ind2=" " tag="710"><subfield code="a">Canadian Centre for Architecture</subfield><subfield code="0">(DE-588)5027221-4</subfield></datafield><datafield ind1="2" ind2=" " tag="710"><subfield code="a">Centre canadien d'architecture</subfield><subfield code="g">Montréal, Canada</subfield><subfield code="0">(IDREF)032437110</subfield></datafield><datafield ind1=" " ind2=" " tag="900"><subfield code="a">REROnoselfmerge</subfield></datafield></record>
</metadata></record>