<record><header><identifier>oai:alma.41SLSP_UGE:991000811059705502</identifier><datestamp>2023-03-01T01:10:17Z</datestamp><setSpec>uge_bcen_RapidILL_BOOK</setSpec><setSpec>uge_aaca_RapidILL_BOOK</setSpec><setSpec>uge_abels_RapidILL_BOOK</setSpec><setSpec>uge_dbu_RapidILL_BOOK</setSpec><setSpec>uge_cmu_RapidILL_BOOK</setSpec><setSpec>uge_mail_RapidILL_BOOK</setSpec><setSpec>UNIGE_ALL</setSpec><setSpec>uge_abbat_RapidILL_BOOK</setSpec><setSpec>uge_aobs_RapidILL_BOOK</setSpec><setSpec>uge_acar_RapidILL_BOOK</setSpec></header><metadata>
<record xmlns="http://www.loc.gov/MARC21/slim" xmlns:xsi="http://www.w3.org/2001/XMLSchema-instance" xsi:schemaLocation="http://www.loc.gov/MARC21/slim http://www.loc.gov/standards/marcxml/schema/MARC21slim.xsd"><leader>01768nam a2200493 c 4500</leader><controlfield tag="001">991000811059705502</controlfield><controlfield tag="005">20220920101733.0</controlfield><controlfield tag="008">201012s1990    fr ||||| |||| 00| ||fre d</controlfield><datafield ind1=" " ind2=" " tag="020"><subfield code="a">2718904402</subfield></datafield><datafield ind1=" " ind2=" " tag="035"><subfield code="a">(swissbib)233341544-41slsp_network</subfield></datafield><datafield ind1=" " ind2=" " tag="035"><subfield code="a">233341544</subfield><subfield code="9">ExL</subfield></datafield><datafield ind1=" " ind2=" " tag="035"><subfield code="a">(RERO)1325026-41slsp</subfield></datafield><datafield ind1=" " ind2=" " tag="035"><subfield code="a">(IDSBB)000702747DSV01</subfield></datafield><datafield ind1=" " ind2=" " tag="035"><subfield code="a">(NEBIS)001154761EBI01</subfield></datafield><datafield ind1=" " ind2=" " tag="035"><subfield code="a">(EXLNZ-41SLSP_NETWORK)991080198579705501</subfield></datafield><datafield ind1=" " ind2=" " tag="040"><subfield code="a">RERO frbcuc</subfield><subfield code="d">CH-ZuSLS</subfield></datafield><datafield ind1=" " ind2="7" tag="072"><subfield code="a">th</subfield><subfield code="2">rero</subfield></datafield><datafield ind1=" " ind2="7" tag="072"><subfield code="a">th</subfield><subfield code="2">SzZuIDS BS/BE</subfield></datafield><datafield ind1="1" ind2=" " tag="080"><subfield code="a">(05):22CJJC</subfield></datafield><datafield ind1="0" ind2="0" tag="082"><subfield code="a">232/.092</subfield><subfield code="2">20</subfield></datafield><datafield ind1="1" ind2="4" tag="082"><subfield code="a">232.092</subfield><subfield code="2">20</subfield></datafield><datafield ind1="1" ind2="4" tag="082"><subfield code="a">200</subfield></datafield><datafield ind1=" " ind2=" " tag="084"><subfield code="a">BO 2694</subfield><subfield code="2">rvk</subfield></datafield><datafield ind1="1" ind2=" " tag="100"><subfield code="a">Kannengiesser, Charles</subfield><subfield code="d">1926-2018</subfield><subfield code="0">(DE-588)137311222</subfield><subfield code="6">880-01</subfield></datafield><datafield ind1="1" ind2=" " tag="880"><subfield code="6">100-01</subfield><subfield code="a">Kannengiesser, Charles</subfield><subfield code="d">1926-2018</subfield><subfield code="0">(IDREF)026945061</subfield><subfield code="4">cre</subfield></datafield><datafield ind1="1" ind2="0" tag="245"><subfield code="a">&lt;&lt;Le&gt;&gt; verbe de Dieu selon Athanase d'Alexandrie</subfield><subfield code="c">Charles Kannengiesser</subfield></datafield><datafield ind1=" " ind2="1" tag="264"><subfield code="a">[Paris]</subfield><subfield code="b">Desclée</subfield><subfield code="c">1990</subfield></datafield><datafield ind1=" " ind2=" " tag="300"><subfield code="a">200 p.</subfield><subfield code="c">23 cm</subfield></datafield><datafield ind1=" " ind2=" " tag="336"><subfield code="b">txt</subfield><subfield code="2">rdacontent</subfield></datafield><datafield ind1=" " ind2=" " tag="337"><subfield code="b">n</subfield><subfield code="2">rdamedia</subfield></datafield><datafield ind1=" " ind2=" " tag="338"><subfield code="b">nc</subfield><subfield code="2">rdacarrier</subfield></datafield><datafield ind1="1" ind2=" " tag="490"><subfield code="a">Jésus et Jésus-Christ</subfield><subfield code="v">no 45</subfield></datafield><datafield ind1=" " ind2=" " tag="504"><subfield code="a">Literaturverz.</subfield></datafield><datafield ind1="0" ind2="7" tag="600"><subfield code="a">Athanase</subfield><subfield code="c">saint</subfield><subfield code="d">0295?-0373</subfield><subfield code="0">(IDREF)026693895</subfield><subfield code="2">idref</subfield></datafield><datafield ind1="0" ind2="7" tag="600"><subfield code="a">Athanasius</subfield><subfield code="c">Alexandrinus</subfield><subfield code="x">Christologie</subfield><subfield code="2">idsbb</subfield></datafield><datafield ind1="1" ind2="7" tag="600"><subfield code="a">Athanasios (Alexandria, Patriarch, 1)</subfield><subfield code="2">idszbz</subfield></datafield><datafield ind1="0" ind2="0" tag="600"><subfield code="a">Athanasius</subfield><subfield code="c">Saint, Patriarch of Alexandria</subfield><subfield code="d">-373</subfield></datafield><datafield ind1="0" ind2="0" tag="600"><subfield code="a">Jesus Christ</subfield><subfield code="x">History of doctrines</subfield><subfield code="y">Early church, ca. 30-600</subfield></datafield><datafield ind1=" " ind2="7" tag="650"><subfield code="a">logos</subfield><subfield code="0">(RERO)A010109934</subfield><subfield code="2">rerovoc</subfield></datafield><datafield ind1=" " ind2="7" tag="650"><subfield code="a">christologie</subfield><subfield code="0">(RERO)A009975629</subfield><subfield code="2">rerovoc</subfield></datafield><datafield ind1=" " ind2="7" tag="650"><subfield code="a">Wort Gottes</subfield><subfield code="2">idszbz</subfield></datafield><datafield ind1=" " ind2="7" tag="650"><subfield code="a">Theologie</subfield><subfield code="0">(DE-588)4059758-1</subfield><subfield code="2">gnd</subfield></datafield><datafield ind1=" " ind2="7" tag="650"><subfield code="a">Wort Gottes</subfield><subfield code="0">(DE-588)4066953-1</subfield><subfield code="2">gnd</subfield></datafield><datafield ind1=" " ind2=" " tag="830"><subfield code="a">Collection Jésus et Jésus-Christ</subfield><subfield code="v">45</subfield><subfield code="w">(RERO)0156620-41slsp</subfield></datafield><datafield ind1=" " ind2=" " tag="900"><subfield code="a">REROnoselfmerge</subfield></datafield></record>
</metadata></record>