<record><header><identifier>oai:alma.41SLSP_UGE:991000811269705502</identifier><datestamp>2023-03-01T01:10:17Z</datestamp><setSpec>uge_bcen_RapidILL_BOOK</setSpec><setSpec>uge_aaca_RapidILL_BOOK</setSpec><setSpec>uge_abels_RapidILL_BOOK</setSpec><setSpec>uge_dbu_RapidILL_BOOK</setSpec><setSpec>uge_cmu_RapidILL_BOOK</setSpec><setSpec>uge_mail_RapidILL_BOOK</setSpec><setSpec>UNIGE_ALL</setSpec><setSpec>uge_abbat_RapidILL_BOOK</setSpec><setSpec>uge_aobs_RapidILL_BOOK</setSpec><setSpec>uge_acar_RapidILL_BOOK</setSpec></header><metadata>
<record xmlns="http://www.loc.gov/MARC21/slim" xmlns:xsi="http://www.w3.org/2001/XMLSchema-instance" xsi:schemaLocation="http://www.loc.gov/MARC21/slim http://www.loc.gov/standards/marcxml/schema/MARC21slim.xsd"><leader>01584nam a2200337 c 4500</leader><controlfield tag="001">991000811269705502</controlfield><controlfield tag="005">20230203203151.0</controlfield><controlfield tag="008">050111s2004    fr ||||| |||| 00| ||fre d</controlfield><datafield ind1=" " ind2=" " tag="020"><subfield code="a">291218620X</subfield></datafield><datafield ind1="7" ind2=" " tag="024"><subfield code="a">http://catalogue.bnf.fr/ark:/12148/cb39156232f</subfield><subfield code="2">uri</subfield></datafield><datafield ind1=" " ind2=" " tag="035"><subfield code="a">(swissbib)101434286-41slsp_network</subfield></datafield><datafield ind1=" " ind2=" " tag="035"><subfield code="a">101434286</subfield><subfield code="9">ExL</subfield></datafield><datafield ind1=" " ind2=" " tag="035"><subfield code="a">(RERO)R003768513-41slsp</subfield></datafield><datafield ind1=" " ind2=" " tag="035"><subfield code="a">(EXLNZ-41SLSP_NETWORK)991064135179705501</subfield></datafield><datafield ind1=" " ind2=" " tag="040"><subfield code="a">RERO geufpe</subfield><subfield code="d">CH-ZuSLS</subfield></datafield><datafield ind1="1" ind2=" " tag="041"><subfield code="a">fre</subfield><subfield code="h">eng</subfield></datafield><datafield ind1=" " ind2="7" tag="072"><subfield code="a">ps</subfield><subfield code="2">rero</subfield></datafield><datafield ind1="0" ind2="0" tag="245"><subfield code="a">&lt;&lt;Le&gt;&gt; processus d'évaluation dans la psychothérapie d'enfants</subfield><subfield code="c">sous la dir. de Emanuela Quagliata, Margaret Rustin ; et la collab. de Anne Alvarez... [et al.] ; trad. de l'anglais par Marie-Christine Réguis-Simeloff</subfield></datafield><datafield ind1=" " ind2="1" tag="264"><subfield code="a">Larmor-Plage</subfield><subfield code="b">Ed. du Hublot</subfield><subfield code="c">2004</subfield></datafield><datafield ind1=" " ind2=" " tag="300"><subfield code="a">216 p.</subfield><subfield code="b">ill.</subfield><subfield code="c">24 cm</subfield></datafield><datafield ind1=" " ind2=" " tag="336"><subfield code="b">txt</subfield><subfield code="2">rdacontent</subfield></datafield><datafield ind1=" " ind2=" " tag="337"><subfield code="b">n</subfield><subfield code="2">rdamedia</subfield></datafield><datafield ind1=" " ind2=" " tag="338"><subfield code="b">nc</subfield><subfield code="2">rdacarrier</subfield></datafield><datafield ind1="1" ind2=" " tag="490"><subfield code="a">Collection Tavistock Clinic</subfield></datafield><datafield ind1=" " ind2=" " tag="500"><subfield code="a">Le présent ouvrage est l'adaptation française de l'éd. originale italienne publ. en 1994: Un buon incontro - La valutazione secondo il modello Tavistock, et de l'éd. anglaise, revue et corrigée parue en août 2000 sous le titre: Assessment in child psychotherapy.</subfield></datafield><datafield ind1=" " ind2="7" tag="650"><subfield code="a">enfant - évaluation</subfield><subfield code="0">(RERO)A010078942</subfield><subfield code="2">rerovoc</subfield></datafield><datafield ind1=" " ind2="7" tag="650"><subfield code="a">Psychothérapie</subfield><subfield code="0">(IDREF)027352382</subfield><subfield code="2">idref</subfield></datafield><datafield ind1=" " ind2="7" tag="655"><subfield code="a">[Études diverses]</subfield><subfield code="0">(RERO)A022249905</subfield><subfield code="2">rero</subfield></datafield><datafield ind1="1" ind2=" " tag="700"><subfield code="a">Quagliata, Emanuela</subfield><subfield code="0">(IDREF)078445248</subfield></datafield><datafield ind1="1" ind2=" " tag="700"><subfield code="a">Alvarez, Anne</subfield><subfield code="d">1936-....</subfield><subfield code="0">(IDREF)034354743</subfield></datafield><datafield ind1=" " ind2=" " tag="830"><subfield code="a">Collection Tavistock Clinic</subfield><subfield code="w">(RERO)R218794860-41slsp</subfield></datafield><datafield ind1=" " ind2=" " tag="900"><subfield code="a">REROnoselfmerge</subfield></datafield></record>
</metadata></record>