<record><header><identifier>oai:alma.41SLSP_UGE:991000808079705502</identifier><datestamp>2023-03-01T01:10:17Z</datestamp><setSpec>uge_bcen_RapidILL_BOOK</setSpec><setSpec>uge_aaca_RapidILL_BOOK</setSpec><setSpec>uge_abels_RapidILL_BOOK</setSpec><setSpec>uge_dbu_RapidILL_BOOK</setSpec><setSpec>uge_cmu_RapidILL_BOOK</setSpec><setSpec>uge_mail_RapidILL_BOOK</setSpec><setSpec>UNIGE_ALL</setSpec><setSpec>uge_abbat_RapidILL_BOOK</setSpec><setSpec>uge_aobs_RapidILL_BOOK</setSpec><setSpec>uge_acar_RapidILL_BOOK</setSpec></header><metadata>
<record xmlns="http://www.loc.gov/MARC21/slim" xmlns:xsi="http://www.w3.org/2001/XMLSchema-instance" xsi:schemaLocation="http://www.loc.gov/MARC21/slim http://www.loc.gov/standards/marcxml/schema/MARC21slim.xsd"><leader>02367nam a2200565 c 4500</leader><controlfield tag="001">991000808079705502</controlfield><controlfield tag="005">20210207212832.0</controlfield><controlfield tag="008">201012s1986    xxu||||| |||| 00| ||eng d</controlfield><datafield ind1=" " ind2=" " tag="020"><subfield code="a">0845142208</subfield></datafield><datafield ind1=" " ind2=" " tag="035"><subfield code="a">(swissbib)237683997-41slsp_network</subfield></datafield><datafield ind1=" " ind2=" " tag="035"><subfield code="a">237683997</subfield><subfield code="9">ExL</subfield></datafield><datafield ind1=" " ind2=" " tag="035"><subfield code="a">(RERO)0759461-41slsp</subfield></datafield><datafield ind1=" " ind2=" " tag="035"><subfield code="a">(NEBIS)000378588EBI01</subfield></datafield><datafield ind1=" " ind2=" " tag="035"><subfield code="a">(EXLNZ-41SLSP_NETWORK)991106304619705501</subfield></datafield><datafield ind1=" " ind2=" " tag="040"><subfield code="a">RERO geucmu</subfield><subfield code="d">CH-ZuSLS</subfield></datafield><datafield ind1=" " ind2="7" tag="072"><subfield code="a">me</subfield><subfield code="2">rero</subfield></datafield><datafield ind1="0" ind2="0" tag="082"><subfield code="a">616.99/405</subfield><subfield code="2">19</subfield></datafield><datafield ind1="1" ind2=" " tag="100"><subfield code="a">Mak, Tak Wah</subfield></datafield><datafield ind1="1" ind2="0" tag="245"><subfield code="a">Cancer</subfield><subfield code="b">perspective for control : proceedings of an International Symposium held in Beijing, China, August 18-21, 1985</subfield><subfield code="c">ed. Tak W. Mak and Tsung-Tang Sun</subfield></datafield><datafield ind1="1" ind2="4" tag="246"><subfield code="a">Proceedings of an International Symposium on Cancer: Perspective for Control</subfield></datafield><datafield ind1=" " ind2="1" tag="264"><subfield code="a">New York</subfield><subfield code="b">A.R. Liss</subfield><subfield code="c">[1986]</subfield></datafield><datafield ind1=" " ind2="4" tag="264"><subfield code="c">© 1986</subfield></datafield><datafield ind1=" " ind2=" " tag="300"><subfield code="a">IX, 104 p.</subfield><subfield code="b">ill.</subfield><subfield code="c">26 cm</subfield></datafield><datafield ind1=" " ind2=" " tag="336"><subfield code="b">txt</subfield><subfield code="2">rdacontent</subfield></datafield><datafield ind1=" " ind2=" " tag="337"><subfield code="b">n</subfield><subfield code="2">rdamedia</subfield></datafield><datafield ind1=" " ind2=" " tag="338"><subfield code="b">nc</subfield><subfield code="2">rdacarrier</subfield></datafield><datafield ind1="1" ind2=" " tag="490"><subfield code="a">Journal of cellular physiology. Supplement</subfield><subfield code="v">4</subfield></datafield><datafield ind1=" " ind2=" " tag="500"><subfield code="a">Congrès de médecine. Beijing. 1985</subfield></datafield><datafield ind1=" " ind2="2" tag="650"><subfield code="a">Neoplasms</subfield><subfield code="x">prevention &amp; control</subfield></datafield><datafield ind1=" " ind2="2" tag="650"><subfield code="a">Oncogenes</subfield></datafield><datafield ind1=" " ind2="2" tag="650"><subfield code="a">Cell Transformation, Neoplastic</subfield></datafield><datafield ind1=" " ind2="7" tag="650"><subfield code="a">Carcinogen</subfield><subfield code="0">(DE-588)4032909-4</subfield><subfield code="2">gnd</subfield></datafield><datafield ind1=" " ind2="7" tag="650"><subfield code="a">Genetik</subfield><subfield code="0">(DE-588)4071711-2</subfield><subfield code="2">gnd</subfield></datafield><datafield ind1=" " ind2="7" tag="650"><subfield code="a">Kongress</subfield><subfield code="0">(DE-588)4130470-6</subfield><subfield code="2">gnd</subfield></datafield><datafield ind1=" " ind2="7" tag="650"><subfield code="a">Krebsforschung</subfield><subfield code="0">(DE-588)4165564-3</subfield><subfield code="2">gnd</subfield></datafield><datafield ind1=" " ind2="0" tag="650"><subfield code="a">Cancer cells</subfield><subfield code="x">Growth</subfield><subfield code="x">Regulation</subfield><subfield code="v">Congresses</subfield></datafield><datafield ind1=" " ind2="0" tag="650"><subfield code="a">Cancer</subfield><subfield code="x">Genetic aspects</subfield><subfield code="v">Congresses</subfield></datafield><datafield ind1=" " ind2="0" tag="650"><subfield code="a">Cancer</subfield><subfield code="x">Prevention</subfield><subfield code="v">Congresses</subfield></datafield><datafield ind1=" " ind2="0" tag="650"><subfield code="a">Oncogenes</subfield><subfield code="v">Congresses</subfield></datafield><datafield ind1=" " ind2="7" tag="650"><subfield code="a">KREBSTHERAPIE + TUMORTHERAPIE (MEDIZIN)</subfield><subfield code="9">ger</subfield><subfield code="0">(ETHUDK)000026972</subfield><subfield code="2">ethudk</subfield></datafield><datafield ind1=" " ind2="7" tag="650"><subfield code="a">TUMOREN + ONKOLOGIE + KREBS (MEDIZIN)</subfield><subfield code="9">ger</subfield><subfield code="0">(ETHUDK)000026970</subfield><subfield code="2">ethudk</subfield></datafield><datafield ind1=" " ind2="2" tag="655"><subfield code="a">Congress</subfield></datafield><datafield ind1=" " ind2="7" tag="655"><subfield code="a">Konferenzschrift</subfield><subfield code="z">Beijing</subfield><subfield code="y">1985</subfield><subfield code="2">gnd-content</subfield></datafield><datafield ind1=" " ind2=" " tag="690"><subfield code="a">Carcinogenese / Kongresse, Konferenzen, Symposien / 1985- ersch.</subfield><subfield code="2">uzb-Z9</subfield></datafield><datafield ind1=" " ind2=" " tag="690"><subfield code="a">Onkogen / Kongresse, Konferenzen, Symposien</subfield><subfield code="2">uzb-Z9</subfield></datafield><datafield ind1="1" ind2=" " tag="700"><subfield code="a">Mak, Tak W.</subfield><subfield code="d">1945-....</subfield><subfield code="0">(IDREF)050667114</subfield></datafield><datafield ind1="1" ind2=" " tag="700"><subfield code="a">Sun, Tsung-Tang</subfield><subfield code="0">(RERO)A003876256</subfield></datafield><datafield ind1="2" ind2=" " tag="711"><subfield code="a">International Symposium on Cancer: Perspective for Control</subfield><subfield code="0">(DE-588)1091935300</subfield></datafield><datafield ind1=" " ind2="0" tag="830"><subfield code="a">Journal of cellular physiology</subfield><subfield code="p">Supplement</subfield><subfield code="v">4</subfield><subfield code="w">(RERO)0721257-41slsp</subfield></datafield><datafield ind1=" " ind2="0" tag="830"><subfield code="a">Journal of cellular physiology</subfield><subfield code="p">Supplement</subfield><subfield code="v">4</subfield><subfield code="w">(NEBIS)000989786EBI01</subfield></datafield><datafield ind1=" " ind2=" " tag="900"><subfield code="a">REROnoselfmerge</subfield></datafield></record>
</metadata></record>