<record><header><identifier>oai:alma.41SLSP_UGE:991000807959705502</identifier><datestamp>2023-03-01T01:10:17Z</datestamp><setSpec>uge_bcen_RapidILL_BOOK</setSpec><setSpec>uge_aaca_RapidILL_BOOK</setSpec><setSpec>uge_abels_RapidILL_BOOK</setSpec><setSpec>uge_dbu_RapidILL_BOOK</setSpec><setSpec>uge_cmu_RapidILL_BOOK</setSpec><setSpec>uge_mail_RapidILL_BOOK</setSpec><setSpec>UNIGE_ALL</setSpec><setSpec>uge_abbat_RapidILL_BOOK</setSpec><setSpec>uge_aobs_RapidILL_BOOK</setSpec><setSpec>uge_acar_RapidILL_BOOK</setSpec></header><metadata>
<record xmlns="http://www.loc.gov/MARC21/slim" xmlns:xsi="http://www.w3.org/2001/XMLSchema-instance" xsi:schemaLocation="http://www.loc.gov/MARC21/slim http://www.loc.gov/standards/marcxml/schema/MARC21slim.xsd"><leader>02575nam a2200709 c 4500</leader><controlfield tag="001">991000807959705502</controlfield><controlfield tag="005">20230217233617.0</controlfield><controlfield tag="008">201011t19921992xxu||||| |||| 00| ||eng d</controlfield><datafield ind1=" " ind2=" " tag="020"><subfield code="a">1555407269</subfield><subfield code="q">acidfree paper</subfield></datafield><datafield ind1=" " ind2=" " tag="035"><subfield code="a">(swissbib)217383467-41slsp_network</subfield></datafield><datafield ind1=" " ind2=" " tag="035"><subfield code="a">217383467</subfield><subfield code="9">ExL</subfield></datafield><datafield ind1=" " ind2=" " tag="035"><subfield code="a">(RERO)1573724-41slsp</subfield></datafield><datafield ind1=" " ind2=" " tag="035"><subfield code="a">(NEBIS)001218242EBI01</subfield></datafield><datafield ind1=" " ind2=" " tag="035"><subfield code="a">(IDSBB)000840729DSV01</subfield></datafield><datafield ind1=" " ind2=" " tag="035"><subfield code="a">(EXLNZ-41SLSP_NETWORK)991123680519705501</subfield></datafield><datafield ind1=" " ind2=" " tag="040"><subfield code="a">RERO labcud</subfield><subfield code="d">CH-ZuSLS</subfield></datafield><datafield ind1=" " ind2="7" tag="072"><subfield code="a">th</subfield><subfield code="2">rero</subfield></datafield><datafield ind1=" " ind2="7" tag="072"><subfield code="a">th</subfield><subfield code="2">SzZuIDS BS/BE</subfield></datafield><datafield ind1=" " ind2="7" tag="072"><subfield code="a">ar</subfield><subfield code="2">SzZuIDS BS/BE</subfield></datafield><datafield ind1="0" ind2="0" tag="082"><subfield code="a">299/.21</subfield><subfield code="2">20</subfield></datafield><datafield ind1="1" ind2="4" tag="082"><subfield code="a">299.2</subfield><subfield code="2">22</subfield></datafield><datafield ind1="1" ind2="4" tag="082"><subfield code="a">930</subfield><subfield code="2">15</subfield></datafield><datafield ind1=" " ind2=" " tag="084"><subfield code="a">6,22</subfield><subfield code="2">ssgn</subfield></datafield><datafield ind1=" " ind2=" " tag="084"><subfield code="a">BC 8331</subfield><subfield code="2">rvk</subfield></datafield><datafield ind1="1" ind2=" " tag="100"><subfield code="a">Fleming, Daniel E.</subfield><subfield code="0">(IDREF)07015953X</subfield><subfield code="4">cre</subfield></datafield><datafield ind1="1" ind2="0" tag="245"><subfield code="a">&lt;&lt;The&gt;&gt; installation of Baal's high priestess at Emar</subfield><subfield code="b">a window on ancient Syrian religion</subfield><subfield code="c">by Daniel E. Fleming</subfield></datafield><datafield ind1=" " ind2="1" tag="264"><subfield code="a">Atlanta (Ga.)</subfield><subfield code="b">Scholars Press</subfield><subfield code="c">[1992]</subfield></datafield><datafield ind1=" " ind2="4" tag="264"><subfield code="c">© 1992</subfield></datafield><datafield ind1=" " ind2=" " tag="300"><subfield code="a">XVII, 348 p.</subfield><subfield code="c">24 cm</subfield></datafield><datafield ind1=" " ind2=" " tag="336"><subfield code="b">txt</subfield><subfield code="2">rdacontent</subfield></datafield><datafield ind1=" " ind2=" " tag="337"><subfield code="b">n</subfield><subfield code="2">rdamedia</subfield></datafield><datafield ind1=" " ind2=" " tag="338"><subfield code="b">nc</subfield><subfield code="2">rdacarrier</subfield></datafield><datafield ind1="1" ind2=" " tag="490"><subfield code="a">Harvard Semitic studies</subfield><subfield code="v">no. 42</subfield></datafield><datafield ind1=" " ind2=" " tag="500"><subfield code="a">Text and transl. of the Akkadian cuneiform inscription on the Nin.Dingir ritual (Emar 369)</subfield></datafield><datafield ind1=" " ind2=" " tag="502"><subfield code="a">Überarb. Diss. Univ. of Calif., Berkeley, 1990</subfield></datafield><datafield ind1=" " ind2=" " tag="504"><subfield code="a">Literaturverz.</subfield></datafield><datafield ind1="0" ind2=" " tag="505"><subfield code="a">Includes text and translation of the Akkadian cuneiform inscription on the nin.dingir ritual (Emar 369)</subfield></datafield><datafield ind1="0" ind2="7" tag="600"><subfield code="a">Baal - culte</subfield><subfield code="0">(RERO)A010047874</subfield><subfield code="2">rero</subfield></datafield><datafield ind1="0" ind2="7" tag="600"><subfield code="a">Baal</subfield><subfield code="2">idszbz</subfield></datafield><datafield ind1="0" ind2="7" tag="600"><subfield code="a">Baal</subfield><subfield code="c">Gott</subfield><subfield code="0">(DE-588)118651366</subfield><subfield code="2">gnd</subfield></datafield><datafield ind1="0" ind2="7" tag="600"><subfield code="a">Baal</subfield><subfield code="2">idsbb</subfield></datafield><datafield ind1=" " ind2="7" tag="650"><subfield code="a">Antiquité</subfield><subfield code="0">(IDREF)027789888</subfield><subfield code="2">idref</subfield></datafield><datafield ind1=" " ind2="7" tag="650"><subfield code="a">Religion syrienne</subfield><subfield code="0">(RERO)A027725873</subfield><subfield code="2">rero</subfield></datafield><datafield ind1=" " ind2="7" tag="650"><subfield code="a">Kult</subfield><subfield code="2">idszbz</subfield></datafield><datafield ind1=" " ind2="7" tag="650"><subfield code="a">Priesterin</subfield><subfield code="2">idszbz</subfield></datafield><datafield ind1=" " ind2="7" tag="650"><subfield code="a">Priesterin</subfield><subfield code="0">(DE-588)4303385-4</subfield><subfield code="2">gnd</subfield></datafield><datafield ind1=" " ind2="0" tag="650"><subfield code="a">Akkadian language</subfield><subfield code="v">Texts</subfield></datafield><datafield ind1=" " ind2="0" tag="650"><subfield code="a">Akkadian language</subfield><subfield code="x">Texts</subfield></datafield><datafield ind1=" " ind2="0" tag="650"><subfield code="a">Baal (Canaanite deity)</subfield><subfield code="x">Cult</subfield><subfield code="z">Syria</subfield><subfield code="z">Emar (Extinct city)</subfield></datafield><datafield ind1=" " ind2="0" tag="650"><subfield code="a">NIN.DINGIR-priestess installation</subfield></datafield><datafield ind1=" " ind2="0" tag="650"><subfield code="a">Women priests</subfield><subfield code="z">Syria</subfield><subfield code="z">Emar (Extinct city)</subfield></datafield><datafield ind1=" " ind2="7" tag="650"><subfield code="a">Religion</subfield><subfield code="z">Syrien</subfield><subfield code="y">Geschichte Altertum</subfield><subfield code="2">idsbb</subfield></datafield><datafield ind1=" " ind2="7" tag="651"><subfield code="a">Emar (ville ancienne)</subfield><subfield code="0">(IDREF)027707490</subfield><subfield code="2">idref</subfield></datafield><datafield ind1=" " ind2="7" tag="651"><subfield code="a">Emar</subfield><subfield code="2">idszbz</subfield></datafield><datafield ind1=" " ind2="7" tag="651"><subfield code="a">Syrien</subfield><subfield code="2">idszbz</subfield></datafield><datafield ind1=" " ind2="7" tag="651"><subfield code="a">Emar</subfield><subfield code="0">(DE-588)4387797-7</subfield><subfield code="2">gnd</subfield></datafield><datafield ind1=" " ind2="0" tag="651"><subfield code="a">Emar (Extinct city)</subfield><subfield code="x">Religion</subfield></datafield><datafield ind1=" " ind2="0" tag="651"><subfield code="a">Syria</subfield><subfield code="x">Religion</subfield></datafield><datafield ind1=" " ind2="7" tag="651"><subfield code="a">Emar</subfield><subfield code="2">idsbb</subfield></datafield><datafield ind1=" " ind2="7" tag="655"><subfield code="a">Hochschulschrift</subfield><subfield code="2">gnd-content</subfield></datafield><datafield ind1="1" ind2=" " tag="700"><subfield code="a">Fleming, Daniel E.</subfield></datafield><datafield ind1=" " ind2=" " tag="830"><subfield code="a">Harvard Semitic studies</subfield><subfield code="v">42</subfield><subfield code="w">(IDSBB)000017768DSV01</subfield></datafield><datafield ind1=" " ind2=" " tag="900"><subfield code="a">REROnoselfmerge</subfield></datafield></record>
</metadata></record>