<record><header><identifier>oai:alma.41SLSP_UGE:991000807889705502</identifier><datestamp>2023-04-11T00:13:54Z</datestamp><setSpec>uge_bcen_RapidILL_BOOK</setSpec><setSpec>uge_aaca_RapidILL_BOOK</setSpec><setSpec>uge_abels_RapidILL_BOOK</setSpec><setSpec>uge_dbu_RapidILL_BOOK</setSpec><setSpec>uge_cmu_RapidILL_BOOK</setSpec><setSpec>uge_mail_RapidILL_BOOK</setSpec><setSpec>uge_abbat_RapidILL_BOOK</setSpec><setSpec>UNIGE_ALL</setSpec><setSpec>uge_acar_RapidILL_BOOK</setSpec><setSpec>uge_aobs_RapidILL_BOOK</setSpec></header><metadata>
<record xmlns="http://www.loc.gov/MARC21/slim" xmlns:xsi="http://www.w3.org/2001/XMLSchema-instance" xsi:schemaLocation="http://www.loc.gov/MARC21/slim http://www.loc.gov/standards/marcxml/schema/MARC21slim.xsd"><leader>01684nam a2200361 c 4500</leader><controlfield tag="001">991000807889705502</controlfield><controlfield tag="005">20230410161239.0</controlfield><controlfield tag="008">190212s2019    fr ||||| |||| 00| ||fre d</controlfield><datafield ind1=" " ind2=" " tag="020"><subfield code="a">9782021401349</subfield></datafield><datafield ind1="7" ind2=" " tag="024"><subfield code="a">http://catalogue.bnf.fr/ark:/12148/cb456684087</subfield><subfield code="2">uri</subfield></datafield><datafield ind1=" " ind2=" " tag="035"><subfield code="a">(swissbib)125467605-41slsp_network</subfield></datafield><datafield ind1=" " ind2=" " tag="035"><subfield code="a">125467605</subfield><subfield code="9">ExL</subfield></datafield><datafield ind1=" " ind2=" " tag="035"><subfield code="a">(RERO)R008895437-41slsp</subfield></datafield><datafield ind1=" " ind2=" " tag="035"><subfield code="a">(EXLNZ-41SLSP_NETWORK)991018021869705501</subfield></datafield><datafield ind1=" " ind2=" " tag="040"><subfield code="a">RERO vshevs</subfield><subfield code="d">CH-ZuSLS</subfield></datafield><datafield ind1="7" ind2="4" tag="082"><subfield code="a">300</subfield><subfield code="2">23sdnb</subfield></datafield><datafield ind1="1" ind2="4" tag="082"><subfield code="a">306</subfield></datafield><datafield ind1="1" ind2=" " tag="100"><subfield code="a">Lignier, Wilfried</subfield><subfield code="d">1981-....</subfield><subfield code="0">(IDREF)147308054</subfield><subfield code="4">aut</subfield></datafield><datafield ind1="1" ind2="0" tag="245"><subfield code="a">Prendre</subfield><subfield code="b">naissance d'une pratique sociale élémentaire</subfield><subfield code="c">Wilfried Lignier</subfield></datafield><datafield ind1=" " ind2="1" tag="264"><subfield code="a">[Paris]</subfield><subfield code="b">Seuil</subfield><subfield code="c">[2019]</subfield></datafield><datafield ind1=" " ind2=" " tag="300"><subfield code="a">323 pages</subfield><subfield code="b">illustrations</subfield></datafield><datafield ind1=" " ind2=" " tag="336"><subfield code="b">txt</subfield><subfield code="2">rdacontent</subfield></datafield><datafield ind1=" " ind2=" " tag="337"><subfield code="b">n</subfield><subfield code="2">rdamedia</subfield></datafield><datafield ind1=" " ind2=" " tag="338"><subfield code="b">nc</subfield><subfield code="2">rdacarrier</subfield></datafield><datafield ind1="1" ind2=" " tag="490"><subfield code="a">Liber</subfield></datafield><datafield ind1="8" ind2=" " tag="520"><subfield code="a">A partir d'une enquête ethnographique menée dans une crèche auprès d'enfants de 2 à 3 ans, le sociologue analyse les déterminants sociaux de ces actes parmi les plus précoces consistant à s'approprier les choses, à s'en saisir ou à les réclamer. Il interroge, ce faisant, la genèse des premières différences sociales ainsi que les fondements du rapport à la propriété et à la possession. (Electre)</subfield><subfield code="5">RERO/gehets-/04.2019</subfield></datafield><datafield ind1=" " ind2="7" tag="650"><subfield code="a">Appropriation (psychologie)</subfield><subfield code="0">(IDREF)033358834</subfield><subfield code="2">idref</subfield></datafield><datafield ind1=" " ind2="7" tag="650"><subfield code="a">Propriété</subfield><subfield code="0">(IDREF)027479765</subfield><subfield code="2">idref</subfield></datafield><datafield ind1=" " ind2="7" tag="650"><subfield code="a">Enfants d'âge préscolaire</subfield><subfield code="0">(IDREF)028221842</subfield><subfield code="2">idref</subfield></datafield><datafield ind1=" " ind2="7" tag="650"><subfield code="a">Sociologie</subfield><subfield code="0">(IDREF)049647490</subfield><subfield code="2">idref</subfield></datafield><datafield ind1=" " ind2="7" tag="650"><subfield code="a">Objets usuels</subfield><subfield code="0">(IDREF)027325318</subfield><subfield code="2">idref</subfield></datafield><datafield ind1=" " ind2="7" tag="650"><subfield code="a">Socialisation</subfield><subfield code="0">(IDREF)027248909</subfield><subfield code="2">idref</subfield></datafield><datafield ind1=" " ind2="0" tag="830"><subfield code="a">Liber</subfield><subfield code="p">Seuil</subfield><subfield code="w">991094704179705501</subfield></datafield><datafield ind1=" " ind2=" " tag="900"><subfield code="a">REROnoselfmerge</subfield></datafield></record>
</metadata></record>