<record><header><identifier>oai:alma.41SLSP_UGE:991000807579705502</identifier><datestamp>2023-07-25T00:14:25Z</datestamp><setSpec>uge_bcen_RapidILL_BOOK</setSpec><setSpec>uge_aaca_RapidILL_BOOK</setSpec><setSpec>uge_abels_RapidILL_BOOK</setSpec><setSpec>uge_dbu_RapidILL_BOOK</setSpec><setSpec>uge_cmu_RapidILL_BOOK</setSpec><setSpec>uge_mail_RapidILL_BOOK</setSpec><setSpec>uge_abbat_RapidILL_BOOK</setSpec><setSpec>UNIGE_ALL</setSpec><setSpec>uge_acar_RapidILL_BOOK</setSpec><setSpec>uge_aobs_RapidILL_BOOK</setSpec></header><metadata>
<record xmlns="http://www.loc.gov/MARC21/slim" xmlns:xsi="http://www.w3.org/2001/XMLSchema-instance" xsi:schemaLocation="http://www.loc.gov/MARC21/slim http://www.loc.gov/standards/marcxml/schema/MARC21slim.xsd"><leader>01214naa a2200313 c 4500</leader><controlfield tag="001">991000807579705502</controlfield><controlfield tag="005">20230724132527.0</controlfield><controlfield tag="008">961214s1974    sz ||||| |||| 00| ||fre d</controlfield><datafield ind1=" " ind2=" " tag="035"><subfield code="a">(swissbib)076759334-41slsp_network</subfield></datafield><datafield ind1=" " ind2=" " tag="035"><subfield code="a">076759334</subfield><subfield code="9">ExL</subfield></datafield><datafield ind1=" " ind2=" " tag="035"><subfield code="a">(RERO)0057328-41slsp</subfield></datafield><datafield ind1=" " ind2=" " tag="035"><subfield code="a">(EXLNZ-41SLSP_NETWORK)991131089219705501</subfield></datafield><datafield ind1=" " ind2=" " tag="040"><subfield code="a">RERO</subfield><subfield code="d">CH-ZuSLS</subfield></datafield><datafield ind1=" " ind2="7" tag="072"><subfield code="a">th</subfield><subfield code="2">rero</subfield></datafield><datafield ind1=" " ind2="7" tag="072"><subfield code="a">ht</subfield><subfield code="2">rero</subfield></datafield><datafield ind1="0" ind2="0" tag="245"><subfield code="a">&lt;&lt;Die&gt;&gt; Karmeliter in der Schweiz</subfield><subfield code="c">bearb. von François Huot ; red. von Brigitte Degler-Spengler</subfield></datafield><datafield ind1=" " ind2=" " tag="336"><subfield code="b">txt</subfield><subfield code="2">rdacontent</subfield></datafield><datafield ind1=" " ind2=" " tag="337"><subfield code="b">n</subfield><subfield code="2">rdamedia</subfield></datafield><datafield ind1=" " ind2=" " tag="338"><subfield code="b">nc</subfield><subfield code="2">rdacarrier</subfield></datafield><datafield ind1="1" ind2=" " tag="490"><subfield code="a">Helvetia sacra</subfield><subfield code="v">Abt. 6</subfield></datafield><datafield ind1=" " ind2=" " tag="504"><subfield code="a">Bibliogr.</subfield></datafield><datafield ind1=" " ind2=" " tag="580"><subfield code="a">In: Die Kapuziner und Kapuzinerinnen in der Schweiz. - Bern : Francke, cop. 1974. - Teil 2, S. 1127-1243</subfield></datafield><datafield ind1="2" ind2="7" tag="610"><subfield code="a">Carmélites</subfield><subfield code="0">(IDREF)027409562</subfield><subfield code="2">idref</subfield></datafield><datafield ind1="2" ind2="7" tag="610"><subfield code="a">Carmes</subfield><subfield code="g">11..-11..</subfield><subfield code="0">(IDREF)026502852</subfield><subfield code="2">idref</subfield></datafield><datafield ind1=" " ind2="7" tag="651"><subfield code="a">Suisse</subfield><subfield code="0">(IDREF)027249654</subfield><subfield code="2">idref</subfield></datafield><datafield ind1="1" ind2=" " tag="700"><subfield code="a">Huot, François</subfield><subfield code="c">bénédictin</subfield><subfield code="0">(IDREF)028526899</subfield></datafield><datafield ind1="1" ind2=" " tag="700"><subfield code="a">Degler-Spengler, Brigitte</subfield><subfield code="d">19..-....</subfield><subfield code="0">(IDREF)030344727</subfield></datafield><datafield ind1="0" ind2=" " tag="773"><subfield code="t">Kapuziner und Kapuzinerinnen in der Schweiz</subfield><subfield code="g">Teil 2, S. 1127-1243</subfield><subfield code="w">991062388469705501</subfield></datafield><datafield ind1=" " ind2=" " tag="830"><subfield code="a">Helvetia sacra</subfield><subfield code="v">6</subfield><subfield code="w">(RERO)0010110-41slsp</subfield></datafield><datafield ind1=" " ind2=" " tag="900"><subfield code="a">REROnoselfmerge</subfield></datafield></record>
</metadata></record>