<record><header><identifier>oai:alma.41SLSP_UGE:991000807899705502</identifier><datestamp>2023-06-26T00:14:19Z</datestamp><setSpec>UNIGE_ALL</setSpec></header><metadata>
<record xmlns="http://www.loc.gov/MARC21/slim" xmlns:xsi="http://www.w3.org/2001/XMLSchema-instance" xsi:schemaLocation="http://www.loc.gov/MARC21/slim http://www.loc.gov/standards/marcxml/schema/MARC21slim.xsd"><leader>01553ngm a2200337 c 4500</leader><controlfield tag="001">991000807899705502</controlfield><controlfield tag="005">20230625173032.0</controlfield><controlfield tag="007">vd#|v||||</controlfield><controlfield tag="008">061006s2006    fr ||| |          v|fre d</controlfield><datafield ind1=" " ind2=" " tag="035"><subfield code="a">(swissbib)104165421-41slsp_network</subfield></datafield><datafield ind1=" " ind2=" " tag="035"><subfield code="a">104165421</subfield><subfield code="9">ExL</subfield></datafield><datafield ind1=" " ind2=" " tag="035"><subfield code="a">(RERO)R004220604-41slsp</subfield></datafield><datafield ind1=" " ind2=" " tag="035"><subfield code="a">(EXLNZ-41SLSP_NETWORK)991046689089705501</subfield></datafield><datafield ind1=" " ind2=" " tag="040"><subfield code="a">RERO geiued</subfield><subfield code="d">CH-ZuSLS</subfield></datafield><datafield ind1=" " ind2="7" tag="072"><subfield code="a">sp</subfield><subfield code="2">rero</subfield></datafield><datafield ind1=" " ind2="7" tag="072"><subfield code="a">ba</subfield><subfield code="2">rero</subfield></datafield><datafield ind1="0" ind2="0" tag="245"><subfield code="a">Lord of war</subfield><subfield code="c">écrit et réalisé par Andrew Niccol ; musique de Antonio Pinto ; prod. par Philippe Rousselet, Andrew Niccol</subfield></datafield><datafield ind1=" " ind2="1" tag="264"><subfield code="a">[Lieu de publication non identifié]</subfield><subfield code="b">M6 Vidéo</subfield><subfield code="c">2006</subfield></datafield><datafield ind1=" " ind2=" " tag="300"><subfield code="a">1 DVD vidéo</subfield></datafield><datafield ind1=" " ind2=" " tag="336"><subfield code="b">tdi</subfield><subfield code="2">rdacontent</subfield></datafield><datafield ind1=" " ind2=" " tag="337"><subfield code="b">v</subfield><subfield code="2">rdamedia</subfield></datafield><datafield ind1=" " ind2=" " tag="338"><subfield code="b">vd</subfield><subfield code="2">rdacarrier</subfield></datafield><datafield ind1=" " ind2=" " tag="500"><subfield code="a">Choix de langues: Français, anglais. Choix de sous-titres: Français</subfield></datafield><datafield ind1=" " ind2=" " tag="500"><subfield code="a">Durée du film : 120 min.</subfield></datafield><datafield ind1=" " ind2=" " tag="500"><subfield code="a">Une prod. Films &amp; Entertainment VIP Medien fonds 3 GmbH &amp; Co. KG and Ascendent Filproduction GmbH, cop. 2005</subfield></datafield><datafield ind1="0" ind2=" " tag="511"><subfield code="a">Nicolas Cage ; Jared Leto ; Bridget Moynahan ; Ian Holm ; Ethan Hawke... et al.</subfield></datafield><datafield ind1="8" ind2=" " tag="520"><subfield code="a">Né en Ukraine avant l'effondrement du bloc soviétique, Yuri se fait une place dans le trafic d'armes. Il devient vite l'un des plus gros vendeurs d'armes clandestins du monde.</subfield><subfield code="5">RERO/geiued/11.2006</subfield></datafield><datafield ind1=" " ind2="7" tag="655"><subfield code="a">DVD</subfield><subfield code="0">(IDREF)035108444</subfield><subfield code="2">idref</subfield></datafield><datafield ind1=" " ind2="7" tag="655"><subfield code="a">Films de fiction</subfield><subfield code="0">(IDREF)14779644X</subfield><subfield code="2">idref</subfield></datafield><datafield ind1="1" ind2=" " tag="700"><subfield code="a">Niccol, Andrew</subfield><subfield code="d">1964-....</subfield><subfield code="0">(IDREF)05766529X</subfield></datafield><datafield ind1="1" ind2=" " tag="700"><subfield code="a">Pinto, Antonio</subfield><subfield code="d">1967-....</subfield><subfield code="0">(IDREF)059621702</subfield></datafield><datafield ind1="1" ind2=" " tag="700"><subfield code="a">Rousselet, Philippe</subfield><subfield code="d">1968-....</subfield><subfield code="0">(IDREF)262688751</subfield></datafield></record>
</metadata></record>