<record><header><identifier>oai:alma.41SLSP_UGE:991000807979705502</identifier><datestamp>2023-04-02T02:43:45Z</datestamp><setSpec>uge_bcen_RapidILL_BOOK</setSpec><setSpec>uge_aaca_RapidILL_BOOK</setSpec><setSpec>uge_abels_RapidILL_BOOK</setSpec><setSpec>uge_dbu_RapidILL_BOOK</setSpec><setSpec>uge_cmu_RapidILL_BOOK</setSpec><setSpec>uge_mail_RapidILL_BOOK</setSpec><setSpec>UNIGE_ALL</setSpec><setSpec>uge_abbat_RapidILL_BOOK</setSpec><setSpec>uge_aobs_RapidILL_BOOK</setSpec><setSpec>uge_acar_RapidILL_BOOK</setSpec></header><metadata>
<record xmlns="http://www.loc.gov/MARC21/slim" xmlns:xsi="http://www.w3.org/2001/XMLSchema-instance" xsi:schemaLocation="http://www.loc.gov/MARC21/slim http://www.loc.gov/standards/marcxml/schema/MARC21slim.xsd"><leader>01490nam a22003017c 4500</leader><controlfield tag="001">991000807979705502</controlfield><controlfield tag="005">20210207113915.0</controlfield><controlfield tag="008">001116m18981934gw ||||| |||| 00| ||ger d</controlfield><datafield ind1=" " ind2=" " tag="035"><subfield code="a">(swissbib)094908729-41slsp_network</subfield></datafield><datafield ind1=" " ind2=" " tag="035"><subfield code="a">094908729</subfield><subfield code="9">ExL</subfield></datafield><datafield ind1=" " ind2=" " tag="035"><subfield code="a">(RERO)R257911360-41slsp</subfield></datafield><datafield ind1=" " ind2=" " tag="035"><subfield code="a">(EXLNZ-41SLSP_NETWORK)991101086269705501</subfield></datafield><datafield ind1=" " ind2=" " tag="040"><subfield code="a">RERO geussm</subfield><subfield code="d">CH-ZuSLS</subfield></datafield><datafield ind1=" " ind2="7" tag="072"><subfield code="a">ma</subfield><subfield code="2">rero</subfield></datafield><datafield ind1=" " ind2="7" tag="072"><subfield code="a">py</subfield><subfield code="2">rero</subfield></datafield><datafield ind1=" " ind2=" " tag="084"><subfield code="a">00.30</subfield><subfield code="2">msc</subfield></datafield><datafield ind1="0" ind2="0" tag="245"><subfield code="a">Encyklopädie der mathematischen Wissenschaften</subfield><subfield code="b">mit Einschluss ihrer Anwendungen</subfield><subfield code="c">hrsg. im Auftrage der Akademien der Wissenschaften zu Göttingen, Leipzig, München und Wien, sowie unter Mitwirkung zahlreicher Fachgenossen ; redigiert von Wilhem Franz Meyer, H. Burkhardt... [et al.]</subfield></datafield><datafield ind1=" " ind2="1" tag="264"><subfield code="a">Leipzig</subfield><subfield code="b">B.G. Teubner</subfield><subfield code="c">1898-1934</subfield></datafield><datafield ind1=" " ind2=" " tag="300"><subfield code="a">7 t. en 24 vol.</subfield><subfield code="b">ill.</subfield><subfield code="c">25 cm</subfield></datafield><datafield ind1=" " ind2=" " tag="336"><subfield code="b">txt</subfield><subfield code="2">rdacontent</subfield></datafield><datafield ind1=" " ind2=" " tag="337"><subfield code="b">n</subfield><subfield code="2">rdamedia</subfield></datafield><datafield ind1=" " ind2=" " tag="338"><subfield code="b">nc</subfield><subfield code="2">rdacarrier</subfield></datafield><datafield ind1=" " ind2=" " tag="504"><subfield code="a">Bibliogr</subfield></datafield><datafield ind1="0" ind2=" " tag="505"><subfield code="a">I.1-2, Arithmetik und Algebra. II.1.1-2, II.2, II.3.1-2, Analysis. III.1.1-2, III.2.1, III.2.2.A-B, III.3, Geometrie. IV.1-4, Mechanik + Registerband. V.1-3, Physik. VI.1, Geodäsie und Geophysik. VI.2.A-B, Astronomie. VII, Historische, philosophische und didaktische Fragen</subfield></datafield><datafield ind1="1" ind2=" " tag="700"><subfield code="a">Meyer, Wilhelm Franz</subfield><subfield code="0">(RERO)A005732357</subfield></datafield><datafield ind1="1" ind2=" " tag="700"><subfield code="a">Burkhardt, Heinrich</subfield><subfield code="c">mathématicien</subfield><subfield code="d">1861-1914</subfield><subfield code="0">(IDREF)104086408</subfield></datafield><datafield ind1="2" ind2=" " tag="710"><subfield code="a">Akademie der Wissenschaften (Göttingen)</subfield><subfield code="0">(RERO)A000004704</subfield></datafield><datafield ind1="2" ind2=" " tag="710"><subfield code="a">Bayerische Akademie der Wissenschaften</subfield><subfield code="0">(IDREF)026471493</subfield></datafield><datafield ind1=" " ind2=" " tag="900"><subfield code="a">REROnoselfmerge</subfield></datafield></record>
</metadata></record>