<record><header><identifier>oai:alma.41SLSP_UGE:991000808189705502</identifier><datestamp>2023-03-01T01:10:17Z</datestamp><setSpec>uge_bcen_RapidILL_BOOK</setSpec><setSpec>uge_aaca_RapidILL_BOOK</setSpec><setSpec>uge_abels_RapidILL_BOOK</setSpec><setSpec>uge_dbu_RapidILL_BOOK</setSpec><setSpec>uge_cmu_RapidILL_BOOK</setSpec><setSpec>uge_mail_RapidILL_BOOK</setSpec><setSpec>UNIGE_ALL</setSpec><setSpec>uge_abbat_RapidILL_BOOK</setSpec><setSpec>uge_aobs_RapidILL_BOOK</setSpec><setSpec>uge_acar_RapidILL_BOOK</setSpec></header><metadata>
<record xmlns="http://www.loc.gov/MARC21/slim" xmlns:xsi="http://www.w3.org/2001/XMLSchema-instance" xsi:schemaLocation="http://www.loc.gov/MARC21/slim http://www.loc.gov/standards/marcxml/schema/MARC21slim.xsd"><leader>01797nam a2200493 c 4500</leader><controlfield tag="001">991000808189705502</controlfield><controlfield tag="005">20211126192631.0</controlfield><controlfield tag="008">201011s2006    fr ||||| |||| 00| ||fre d</controlfield><datafield ind1=" " ind2=" " tag="020"><subfield code="a">9782251742045</subfield></datafield><datafield ind1=" " ind2=" " tag="020"><subfield code="a">2251742042</subfield></datafield><datafield ind1=" " ind2=" " tag="035"><subfield code="a">(swissbib)213042975-41slsp_network</subfield></datafield><datafield ind1=" " ind2=" " tag="035"><subfield code="a">213042975</subfield><subfield code="9">ExL</subfield></datafield><datafield ind1=" " ind2=" " tag="035"><subfield code="a">(RERO)R004231637-41slsp</subfield></datafield><datafield ind1=" " ind2=" " tag="035"><subfield code="a">(IDSBB)004170665DSV01</subfield></datafield><datafield ind1=" " ind2=" " tag="035"><subfield code="a">(EXLNZ-41SLSP_NETWORK)991013513199705501</subfield></datafield><datafield ind1=" " ind2=" " tag="040"><subfield code="a">RERO gevbpu</subfield><subfield code="d">CH-ZuSLS</subfield></datafield><datafield ind1="1" ind2=" " tag="041"><subfield code="a">fre</subfield><subfield code="a">grc</subfield><subfield code="h">grc</subfield></datafield><datafield ind1=" " ind2="7" tag="072"><subfield code="a">gr</subfield><subfield code="2">rero</subfield></datafield><datafield ind1="1" ind2=" " tag="080"><subfield code="a">875CALLIM3</subfield></datafield><datafield ind1="0" ind2="4" tag="082"><subfield code="a">881</subfield><subfield code="2">22</subfield></datafield><datafield ind1="0" ind2="4" tag="082"><subfield code="a">881.01oeuvre</subfield><subfield code="2">21</subfield></datafield><datafield ind1="1" ind2="4" tag="082"><subfield code="a">881.01</subfield><subfield code="2">22</subfield></datafield><datafield ind1=" " ind2=" " tag="084"><subfield code="a">FH 40201</subfield><subfield code="2">rvk</subfield></datafield><datafield ind1=" " ind2=" " tag="084"><subfield code="a">FH 40202</subfield><subfield code="2">rvk</subfield></datafield><datafield ind1=" " ind2=" " tag="084"><subfield code="a">NH 2456</subfield><subfield code="2">rvk</subfield></datafield><datafield ind1="0" ind2=" " tag="100"><subfield code="a">Callimachus</subfield><subfield code="d">ca. v300-v240</subfield><subfield code="0">(DE-588)118518488</subfield><subfield code="6">880-01</subfield></datafield><datafield ind1="0" ind2=" " tag="880"><subfield code="6">100-01</subfield><subfield code="a">Callimaque</subfield><subfield code="d">0305?-0240? av. J.-C.</subfield><subfield code="0">(IDREF)027409546</subfield><subfield code="4">cre</subfield></datafield><datafield ind1="1" ind2="0" tag="240"><subfield code="a">Fragmenta</subfield></datafield><datafield ind1="1" ind2="0" tag="245"><subfield code="a">Fragments poétiques</subfield><subfield code="b">Origines, Iambes, Hécalè, fragments de poèmes épiques et élégiaques, fragments de place incertaine</subfield><subfield code="c">Callimaque ; textes trad. et comment. par Yannick Durbec</subfield></datafield><datafield ind1=" " ind2="1" tag="264"><subfield code="a">Paris</subfield><subfield code="b">les Belles Lettres</subfield><subfield code="c">2006</subfield></datafield><datafield ind1=" " ind2=" " tag="300"><subfield code="a">308 p.</subfield></datafield><datafield ind1=" " ind2=" " tag="336"><subfield code="b">txt</subfield><subfield code="2">rdacontent</subfield></datafield><datafield ind1=" " ind2=" " tag="337"><subfield code="b">n</subfield><subfield code="2">rdamedia</subfield></datafield><datafield ind1=" " ind2=" " tag="338"><subfield code="b">nc</subfield><subfield code="2">rdacarrier</subfield></datafield><datafield ind1="1" ind2=" " tag="490"><subfield code="a">Fragments</subfield><subfield code="v">6</subfield></datafield><datafield ind1=" " ind2=" " tag="500"><subfield code="a">Texte grec avec traduction française en regard</subfield></datafield><datafield ind1=" " ind2=" " tag="500"><subfield code="a">Franz.-griech. Paralleltext</subfield></datafield><datafield ind1="0" ind2="7" tag="600"><subfield code="a">Callimachus</subfield><subfield code="d">ca. v300-v240</subfield><subfield code="0">(DE-588)118518488</subfield><subfield code="2">gnd</subfield></datafield><datafield ind1="0" ind2="7" tag="600"><subfield code="a">Callimachus</subfield><subfield code="d">ca. v300-v240</subfield><subfield code="t">Fragmenta</subfield><subfield code="0">(DE-588)4503190-3</subfield><subfield code="2">gnd</subfield></datafield><datafield ind1="0" ind2="0" tag="600"><subfield code="a">Callimachus</subfield><subfield code="v">Translations into French</subfield></datafield><datafield ind1="1" ind2=" " tag="700"><subfield code="a">Durbec, Yannick</subfield><subfield code="d">1976-</subfield><subfield code="0">(DE-588)1053691297</subfield><subfield code="6">880-02</subfield></datafield><datafield ind1="1" ind2=" " tag="880"><subfield code="6">700-02</subfield><subfield code="a">Durbec, Yannick</subfield><subfield code="d">1976-....</subfield><subfield code="0">(IDREF)087488086</subfield></datafield><datafield ind1=" " ind2=" " tag="830"><subfield code="a">Fragments</subfield><subfield code="v">6</subfield><subfield code="w">(IDSBB)003625340DSV01</subfield></datafield><datafield ind1=" " ind2=" " tag="830"><subfield code="a">Fragments</subfield><subfield code="p">Les Belles lettres</subfield><subfield code="v">6</subfield><subfield code="w">(RERO)R003130113-41slsp</subfield></datafield><datafield ind1=" " ind2=" " tag="900"><subfield code="a">REROnoselfmerge</subfield></datafield></record>
</metadata></record>