<record><header><identifier>oai:alma.41SLSP_UGE:991000808399705502</identifier><datestamp>2023-07-01T00:30:23Z</datestamp><setSpec>uge_bcen_RapidILL_BOOK</setSpec><setSpec>uge_aaca_RapidILL_BOOK</setSpec><setSpec>uge_abels_RapidILL_BOOK</setSpec><setSpec>uge_dbu_RapidILL_BOOK</setSpec><setSpec>uge_cmu_RapidILL_BOOK</setSpec><setSpec>uge_mail_RapidILL_BOOK</setSpec><setSpec>uge_abbat_RapidILL_BOOK</setSpec><setSpec>UNIGE_ALL</setSpec><setSpec>uge_acar_RapidILL_BOOK</setSpec><setSpec>uge_aobs_RapidILL_BOOK</setSpec></header><metadata>
<record xmlns="http://www.loc.gov/MARC21/slim" xmlns:xsi="http://www.w3.org/2001/XMLSchema-instance" xsi:schemaLocation="http://www.loc.gov/MARC21/slim http://www.loc.gov/standards/marcxml/schema/MARC21slim.xsd"><leader>03316nam a2200721 c 4500</leader><controlfield tag="001">991000808399705502</controlfield><controlfield tag="005">20230630115933.0</controlfield><controlfield tag="008">201011s2006    sz ||||| |||| 10| ||ger d</controlfield><datafield ind1=" " ind2=" " tag="020"><subfield code="a">3905751038</subfield></datafield><datafield ind1=" " ind2=" " tag="020"><subfield code="a">9783905751031</subfield></datafield><datafield ind1=" " ind2=" " tag="035"><subfield code="a">(swissbib)213284898-41slsp_network</subfield></datafield><datafield ind1=" " ind2=" " tag="035"><subfield code="a">213284898</subfield><subfield code="9">ExL</subfield></datafield><datafield ind1=" " ind2=" " tag="035"><subfield code="a">(RERO)R004119216-41slsp</subfield></datafield><datafield ind1=" " ind2=" " tag="035"><subfield code="a">(NEBIS)005164617EBI01</subfield></datafield><datafield ind1=" " ind2=" " tag="035"><subfield code="a">(IDSSG)000346702HSB01</subfield></datafield><datafield ind1=" " ind2=" " tag="035"><subfield code="a">(EXLNZ-41SLSP_NETWORK)991028257279705501</subfield></datafield><datafield ind1=" " ind2=" " tag="040"><subfield code="a">RERO neubfd</subfield><subfield code="d">CH-ZuSLS</subfield></datafield><datafield ind1=" " ind2=" " tag="044"><subfield code="a">sz</subfield><subfield code="c">ch-bs</subfield></datafield><datafield ind1=" " ind2="7" tag="072"><subfield code="a">dr</subfield><subfield code="2">rero</subfield></datafield><datafield ind1=" " ind2=" " tag="084"><subfield code="a">D 43.2 g BG</subfield><subfield code="2">cjurrom</subfield></datafield><datafield ind1="0" ind2="0" tag="245"><subfield code="a">Frieden und Sicherheit Israel und die Nahostkrise als europäisches Thema</subfield><subfield code="c">Georg Kreis (Hrsg.)</subfield></datafield><datafield ind1=" " ind2="1" tag="264"><subfield code="a">Basel</subfield><subfield code="b">Europainstitut der Universität Basel</subfield><subfield code="c">[2006]</subfield></datafield><datafield ind1=" " ind2="4" tag="264"><subfield code="c">© 2006</subfield></datafield><datafield ind1=" " ind2=" " tag="300"><subfield code="a">51 S.</subfield><subfield code="c">21 cm</subfield></datafield><datafield ind1=" " ind2=" " tag="336"><subfield code="b">txt</subfield><subfield code="2">rdacontent</subfield></datafield><datafield ind1=" " ind2=" " tag="337"><subfield code="b">n</subfield><subfield code="2">rdamedia</subfield></datafield><datafield ind1=" " ind2=" " tag="338"><subfield code="b">nc</subfield><subfield code="2">rdacarrier</subfield></datafield><datafield ind1="1" ind2=" " tag="490"><subfield code="a">Basler Schriften zur europäischen Integration</subfield><subfield code="v">Nr.78</subfield></datafield><datafield ind1=" " ind2=" " tag="500"><subfield code="a">Auch in elektron. Form via Internet erhältlich</subfield></datafield><datafield ind1=" " ind2="7" tag="650"><subfield code="a">bewaffneter Konflikt</subfield><subfield code="9">ger</subfield><subfield code="0">(RERO)jurivoc000003836ger</subfield><subfield code="2">jurivoc</subfield></datafield><datafield ind1=" " ind2="7" tag="650"><subfield code="a">Frieden</subfield><subfield code="9">ger</subfield><subfield code="0">(RERO)jurivoc000008852ger</subfield><subfield code="2">jurivoc</subfield></datafield><datafield ind1=" " ind2="7" tag="650"><subfield code="a">Sicherheits- und Friedenspolitik</subfield><subfield code="9">ger</subfield><subfield code="0">(RERO)jurivoc000020231ger</subfield><subfield code="2">jurivoc</subfield></datafield><datafield ind1=" " ind2="7" tag="650"><subfield code="a">Terrorismus</subfield><subfield code="9">ger</subfield><subfield code="0">(RERO)jurivoc000022415ger</subfield><subfield code="2">jurivoc</subfield></datafield><datafield ind1=" " ind2="7" tag="650"><subfield code="a">Nahostkonflikt</subfield><subfield code="2">idszbz</subfield></datafield><datafield ind1=" " ind2="7" tag="650"><subfield code="a">Aufsätze</subfield><subfield code="2">icz</subfield></datafield><datafield ind1=" " ind2="7" tag="650"><subfield code="a">Europa</subfield><subfield code="2">icz</subfield></datafield><datafield ind1=" " ind2="7" tag="650"><subfield code="a">Irak</subfield><subfield code="2">icz</subfield></datafield><datafield ind1=" " ind2="7" tag="650"><subfield code="a">Israel, Staat</subfield><subfield code="2">icz</subfield></datafield><datafield ind1=" " ind2="7" tag="650"><subfield code="a">Nahostkonflikt</subfield><subfield code="2">icz</subfield></datafield><datafield ind1=" " ind2="7" tag="650"><subfield code="a">ARABISCH-ISRAELISCHE KONFLIKTE (INTERNATIONALE POLITIK)</subfield><subfield code="9">ger</subfield><subfield code="0">(ETHUDK)000010221</subfield><subfield code="2">ethudk</subfield></datafield><datafield ind1=" " ind2="7" tag="650"><subfield code="a">Nahostkonflikt</subfield><subfield code="0">(DE-588)4041158-8</subfield><subfield code="2">gnd</subfield></datafield><datafield ind1=" " ind2="7" tag="650"><subfield code="a">Golfkrieg</subfield><subfield code="g">2003</subfield><subfield code="0">(DE-588)4731075-3</subfield><subfield code="2">gnd</subfield></datafield><datafield ind1=" " ind2="7" tag="651"><subfield code="a">Europa</subfield><subfield code="9">ger</subfield><subfield code="0">(RERO)jurivoc000007642ger</subfield><subfield code="2">jurivoc</subfield></datafield><datafield ind1=" " ind2="7" tag="651"><subfield code="a">Irak</subfield><subfield code="9">ger</subfield><subfield code="0">(RERO)jurivoc000012093ger</subfield><subfield code="2">jurivoc</subfield></datafield><datafield ind1=" " ind2="7" tag="651"><subfield code="a">Israel</subfield><subfield code="9">ger</subfield><subfield code="0">(RERO)jurivoc000012127ger</subfield><subfield code="2">jurivoc</subfield></datafield><datafield ind1=" " ind2="7" tag="651"><subfield code="a">Palästina</subfield><subfield code="9">ger</subfield><subfield code="0">(RERO)jurivoc000016755ger</subfield><subfield code="2">jurivoc</subfield></datafield><datafield ind1=" " ind2="7" tag="651"><subfield code="a">Schweiz</subfield><subfield code="9">ger</subfield><subfield code="0">(RERO)jurivoc000019912ger</subfield><subfield code="2">jurivoc</subfield></datafield><datafield ind1=" " ind2="7" tag="651"><subfield code="a">USA</subfield><subfield code="9">ger</subfield><subfield code="0">(RERO)jurivoc000024080ger</subfield><subfield code="2">jurivoc</subfield></datafield><datafield ind1=" " ind2="7" tag="655"><subfield code="a">Aufsatzsammlung</subfield><subfield code="2">idszbz</subfield></datafield><datafield ind1=" " ind2=" " tag="690"><subfield code="a">Krise; Krieg; Frieden; Sicherheit; Schweiz; Hochschule; Institut; Basel; Einleitung; Goldberger; Perspektive</subfield><subfield code="2">idssg-J</subfield></datafield><datafield ind1=" " ind2=" " tag="690"><subfield code="a">Nahostkrise; Doppelkrise; Nahostkonflikt; Terrorismuskrieg; Europainstitut</subfield><subfield code="2">idssg-J</subfield></datafield><datafield ind1=" " ind2=" " tag="690"><subfield code="a">europäisches Thema; naher Osten</subfield><subfield code="2">idssg-J</subfield></datafield><datafield ind1=" " ind2=" " tag="690"><subfield code="a">Israel C7ISRA; Mittlerer Osten C70MID; Schweiz C4EXSI; Palästina; Irak C7IRAQ; Europa C4E</subfield><subfield code="2">idssg-J</subfield></datafield><datafield ind1=" " ind2=" " tag="690"><subfield code="a">Arnold Hottinger; Ernest Goldberger; Laurent Goetschel; Universität Basel Georg Kreis Hrsg.</subfield><subfield code="2">idssg-J</subfield></datafield><datafield ind1="1" ind2=" " tag="700"><subfield code="a">Kreis, Georg</subfield><subfield code="d">1943-</subfield><subfield code="0">(DE-588)122860039</subfield><subfield code="6">880-02</subfield></datafield><datafield ind1="1" ind2=" " tag="880"><subfield code="6">700-02</subfield><subfield code="a">Kreis, Georg</subfield><subfield code="d">1943-....</subfield><subfield code="0">(IDREF)028470354</subfield></datafield><datafield ind1="4" ind2=" " tag="856"><subfield code="u">https://tools.unisg.ch/url/hm00158152</subfield><subfield code="z">Inhaltsverzeichnis</subfield></datafield><datafield ind1=" " ind2="0" tag="830"><subfield code="a">Basler Schriften zur europäischen Integration</subfield><subfield code="v">78</subfield><subfield code="w">(IDSSG)000069678HSB01</subfield></datafield><datafield ind1=" " ind2="0" tag="830"><subfield code="a">Basler Schriften zur europäischen Integration</subfield><subfield code="v">78</subfield><subfield code="w">(RERO)1888592-41slsp</subfield></datafield><datafield ind1=" " ind2="0" tag="830"><subfield code="a">Basler Schriften zur europäischen Integration</subfield><subfield code="v">78</subfield><subfield code="w">(NEBIS)001395793EBI01</subfield></datafield><datafield ind1=" " ind2=" " tag="900"><subfield code="a">IDSZ2rwimon200605i</subfield><subfield code="c">IDSZ2buche 060503</subfield><subfield code="d">IDSZ2rwiswk200612b</subfield><subfield code="e">IDSZ2meim</subfield></datafield><datafield ind1=" " ind2=" " tag="900"><subfield code="a">IDSE5E28ANH-2006</subfield></datafield><datafield ind1=" " ind2=" " tag="900"><subfield code="a">IDSERICZIMPORT</subfield></datafield><datafield ind1=" " ind2=" " tag="949"><subfield code="a">https://tools.unisg.ch/url/hm00158152</subfield></datafield></record>
</metadata></record>