<record><header><identifier>oai:alma.41SLSP_UGE:991000808299705502</identifier><datestamp>2023-03-29T00:15:38Z</datestamp><setSpec>uge_bcen_RapidILL_BOOK</setSpec><setSpec>uge_aaca_RapidILL_BOOK</setSpec><setSpec>uge_abels_RapidILL_BOOK</setSpec><setSpec>uge_dbu_RapidILL_BOOK</setSpec><setSpec>uge_cmu_RapidILL_BOOK</setSpec><setSpec>uge_mail_RapidILL_BOOK</setSpec><setSpec>uge_abbat_RapidILL_BOOK</setSpec><setSpec>UNIGE_ALL</setSpec><setSpec>uge_aobs_RapidILL_BOOK</setSpec><setSpec>uge_acar_RapidILL_BOOK</setSpec></header><metadata>
<record xmlns="http://www.loc.gov/MARC21/slim" xmlns:xsi="http://www.w3.org/2001/XMLSchema-instance" xsi:schemaLocation="http://www.loc.gov/MARC21/slim http://www.loc.gov/standards/marcxml/schema/MARC21slim.xsd"><leader>02176nam a2200613 c 4500</leader><controlfield tag="001">991000808299705502</controlfield><controlfield tag="005">20230328202700.0</controlfield><controlfield tag="008">201011s1982    sw ||||| |||| 00| ||eng d</controlfield><datafield ind1=" " ind2=" " tag="020"><subfield code="a">918609808X</subfield></datafield><datafield ind1=" " ind2=" " tag="035"><subfield code="a">(swissbib)222222700-41slsp_network</subfield></datafield><datafield ind1=" " ind2=" " tag="035"><subfield code="a">222222700</subfield><subfield code="9">ExL</subfield></datafield><datafield ind1=" " ind2=" " tag="035"><subfield code="a">(RERO)0441622-41slsp</subfield></datafield><datafield ind1=" " ind2=" " tag="035"><subfield code="a">(IDSBB)000079909DSV01</subfield></datafield><datafield ind1=" " ind2=" " tag="035"><subfield code="a">(NEBIS)003165259EBI01</subfield></datafield><datafield ind1=" " ind2=" " tag="035"><subfield code="a">(EXLNZ-41SLSP_NETWORK)991082283749705501</subfield></datafield><datafield ind1=" " ind2=" " tag="040"><subfield code="a">RERO</subfield><subfield code="d">CH-ZuSLS</subfield></datafield><datafield ind1=" " ind2="7" tag="072"><subfield code="a">ar</subfield><subfield code="2">rero</subfield></datafield><datafield ind1=" " ind2="7" tag="072"><subfield code="a">ar</subfield><subfield code="2">SzZuIDS BS/BE</subfield></datafield><datafield ind1="1" ind2=" " tag="080"><subfield code="a">904(391.8):738</subfield></datafield><datafield ind1="0" ind2="0" tag="082"><subfield code="a">939/.18</subfield><subfield code="2">19</subfield></datafield><datafield ind1="0" ind2="4" tag="082"><subfield code="a">939 .18</subfield><subfield code="2">19</subfield></datafield><datafield ind1="1" ind2="4" tag="082"><subfield code="a">930</subfield><subfield code="2">15</subfield></datafield><datafield ind1=" " ind2=" " tag="084"><subfield code="a">6,14</subfield><subfield code="2">ssgn</subfield></datafield><datafield ind1=" " ind2=" " tag="084"><subfield code="a">LE 8000</subfield><subfield code="2">rvk</subfield></datafield><datafield ind1="1" ind2=" " tag="100"><subfield code="6">880-01</subfield><subfield code="a">Foster, Karen Polinger</subfield><subfield code="d">1950-....</subfield><subfield code="0">(IDREF)075717301</subfield><subfield code="4">cre</subfield></datafield><datafield ind1="1" ind2=" " tag="880"><subfield code="a">Foster, Karen Polinger</subfield><subfield code="d">1950-</subfield><subfield code="0">(DE-588)138756546</subfield><subfield code="6">100-01</subfield></datafield><datafield ind1="1" ind2="0" tag="245"><subfield code="a">Minoan ceramic relief</subfield><subfield code="c">by Karen Polinger Foster</subfield></datafield><datafield ind1=" " ind2="1" tag="264"><subfield code="a">Göteborg</subfield><subfield code="b">P. Aströms</subfield><subfield code="c">1982</subfield></datafield><datafield ind1=" " ind2=" " tag="300"><subfield code="a">XIII, 196 p.</subfield><subfield code="b">ill.</subfield><subfield code="c">31 cm</subfield></datafield><datafield ind1=" " ind2=" " tag="336"><subfield code="b">txt</subfield><subfield code="2">rdacontent</subfield></datafield><datafield ind1=" " ind2=" " tag="337"><subfield code="b">n</subfield><subfield code="2">rdamedia</subfield></datafield><datafield ind1=" " ind2=" " tag="338"><subfield code="b">nc</subfield><subfield code="2">rdacarrier</subfield></datafield><datafield ind1="1" ind2=" " tag="490"><subfield code="a">Studies in Mediterranean archaeology</subfield><subfield code="v">vol. 64</subfield></datafield><datafield ind1=" " ind2="7" tag="650"><subfield code="a">céramique à reliefs</subfield><subfield code="0">(RERO)A010061908</subfield><subfield code="2">rerovoc</subfield></datafield><datafield ind1=" " ind2="7" tag="650"><subfield code="a">Minoens</subfield><subfield code="0">(IDREF)027459764</subfield><subfield code="2">idref</subfield></datafield><datafield ind1=" " ind2="7" tag="650"><subfield code="a">Vase</subfield><subfield code="z">minoische</subfield><subfield code="2">idsbb</subfield></datafield><datafield ind1=" " ind2="7" tag="650"><subfield code="a">Keramik</subfield><subfield code="0">(DE-588)4030270-2</subfield><subfield code="2">gnd</subfield></datafield><datafield ind1=" " ind2="7" tag="650"><subfield code="a">Minoische Kultur</subfield><subfield code="0">(DE-588)4074845-5</subfield><subfield code="2">gnd</subfield></datafield><datafield ind1=" " ind2="7" tag="650"><subfield code="a">Relief</subfield><subfield code="0">(DE-588)4049373-8</subfield><subfield code="2">gnd</subfield></datafield><datafield ind1=" " ind2="7" tag="650"><subfield code="a">Reliefkeramik</subfield><subfield code="0">(DE-588)4177704-9</subfield><subfield code="2">gnd</subfield></datafield><datafield ind1=" " ind2="0" tag="650"><subfield code="a">Ceramic sculpture, Minoan</subfield></datafield><datafield ind1=" " ind2="0" tag="650"><subfield code="a">Minoans</subfield></datafield><datafield ind1=" " ind2="0" tag="650"><subfield code="a">Pottery, Minoan</subfield></datafield><datafield ind1=" " ind2="0" tag="650"><subfield code="a">Relief (Sculpture)</subfield><subfield code="z">Greece</subfield><subfield code="z">Crete</subfield></datafield><datafield ind1=" " ind2="0" tag="651"><subfield code="a">Crete (Greece)</subfield><subfield code="x">Antiquities</subfield></datafield><datafield ind1=" " ind2="0" tag="651"><subfield code="a">Greece</subfield><subfield code="x">Antiquities</subfield></datafield><datafield ind1=" " ind2="0" tag="651"><subfield code="6">880-01</subfield><subfield code="a">Crete (Greece)</subfield><subfield code="x">Antiquities</subfield></datafield><datafield ind1=" " ind2=" " tag="690"><subfield code="a">Keramik / Einzelne Gebiete und Orte / Europa / Griechenland</subfield><subfield code="2">uzb-Z9</subfield></datafield><datafield ind1=" " ind2=" " tag="690"><subfield code="a">Kreta / Kunst</subfield><subfield code="2">uzb-Z9</subfield></datafield><datafield ind1=" " ind2=" " tag="690"><subfield code="a">Relief (Kunst) / Einzelne Gebiete und Orte / Europa / Griechenland</subfield><subfield code="2">uzb-Z9</subfield></datafield><datafield ind1=" " ind2=" " tag="830"><subfield code="a">Studies in Mediterranean archaeology</subfield><subfield code="v">64</subfield><subfield code="w">(NEBIS)000988584EBI01</subfield></datafield><datafield ind1=" " ind2=" " tag="830"><subfield code="a">Studies in Mediterranean archaeology</subfield><subfield code="v">64</subfield><subfield code="w">(RERO)0001750-41slsp</subfield></datafield><datafield ind1=" " ind2=" " tag="900"><subfield code="a">REROnoselfmerge</subfield></datafield><datafield ind1=" " ind2=" " tag="900"><subfield code="a">IDSZRMedeaZBZ</subfield></datafield><datafield ind1=" " ind2=" " tag="900"><subfield code="f">IDSU2medea</subfield></datafield></record>
</metadata></record>