<record><header><identifier>oai:alma.41SLSP_UGE:991000808199705502</identifier><datestamp>2024-03-22T01:21:58Z</datestamp><setSpec>uge_bcen_RapidILL_BOOK</setSpec><setSpec>uge_aaca_RapidILL_BOOK</setSpec><setSpec>uge_abels_RapidILL_BOOK</setSpec><setSpec>uge_dbu_RapidILL_BOOK</setSpec><setSpec>uge_cmu_RapidILL_BOOK</setSpec><setSpec>uge_mail_RapidILL_BOOK</setSpec><setSpec>uge_abbat_RapidILL_BOOK</setSpec><setSpec>UNIGE_ALL</setSpec><setSpec>uge_aobs_RapidILL_BOOK</setSpec><setSpec>uge_acar_RapidILL_BOOK</setSpec></header><metadata>
<record xmlns="http://www.loc.gov/MARC21/slim" xmlns:xsi="http://www.w3.org/2001/XMLSchema-instance" xsi:schemaLocation="http://www.loc.gov/MARC21/slim http://www.loc.gov/standards/marcxml/schema/MARC21slim.xsd"><leader>00902nam a22002537c 4500</leader><controlfield tag="001">991000808199705502</controlfield><controlfield tag="005">20240321224753.0</controlfield><controlfield tag="007">h| ||||||||||</controlfield><controlfield tag="008">110122s1608    it |||||b|||| 00| ||ita d</controlfield><datafield ind1=" " ind2=" " tag="035"><subfield code="a">(swissbib)113572395-41slsp_network</subfield></datafield><datafield ind1=" " ind2=" " tag="035"><subfield code="a">113572395</subfield><subfield code="9">ExL</subfield></datafield><datafield ind1=" " ind2=" " tag="035"><subfield code="a">(RERO)R006022686-41slsp</subfield></datafield><datafield ind1=" " ind2=" " tag="035"><subfield code="a">(EXLNZ-41SLSP_NETWORK)991010866899705501</subfield></datafield><datafield ind1=" " ind2=" " tag="040"><subfield code="a">RERO geulmu</subfield><subfield code="d">CH-ZuSLS</subfield></datafield><datafield ind1=" " ind2="7" tag="072"><subfield code="a">mu</subfield><subfield code="2">rero</subfield></datafield><datafield ind1="0" ind2="0" tag="245"><subfield code="a">Canzoni per sonare con ogni sorte di stromenti a quattro, cinque &amp; otto... Libro primo (expl. de Bologna)</subfield></datafield><datafield ind1=" " ind2="1" tag="264"><subfield code="a">Venezia</subfield><subfield code="b">A. Raveri</subfield><subfield code="c">1608</subfield></datafield><datafield ind1=" " ind2=" " tag="300"><subfield code="a">1 microfilm</subfield></datafield><datafield ind1=" " ind2=" " tag="336"><subfield code="b">txt</subfield><subfield code="2">rdacontent</subfield></datafield><datafield ind1=" " ind2=" " tag="337"><subfield code="b">h</subfield><subfield code="2">rdamedia</subfield></datafield><datafield ind1=" " ind2=" " tag="500"><subfield code="a">Exemplaire de Bologna, biblioteca del Conservatorio (Liceo musicale). - Incomplet, seulement parties Sesto, Settimo et Ottavo</subfield></datafield><datafield ind1=" " ind2=" " tag="500"><subfield code="a">Fonds de l'Accademia dei Dissonanti</subfield></datafield><datafield ind1=" " ind2=" " tag="500"><subfield code="a">Formation: ensemble</subfield></datafield><datafield ind1=" " ind2=" " tag="500"><subfield code="a">Parties séparées</subfield></datafield><datafield ind1=" " ind2=" " tag="900"><subfield code="a">REROswissbibnomerge</subfield></datafield></record>
</metadata></record>