<record><header><identifier>oai:alma.41SLSP_UGE:991000808229705502</identifier><datestamp>2024-03-21T01:19:07Z</datestamp><setSpec>uge_bcen_RapidILL_BOOK</setSpec><setSpec>uge_aaca_RapidILL_BOOK</setSpec><setSpec>uge_abels_RapidILL_BOOK</setSpec><setSpec>uge_dbu_RapidILL_BOOK</setSpec><setSpec>uge_cmu_RapidILL_BOOK</setSpec><setSpec>uge_mail_RapidILL_BOOK</setSpec><setSpec>uge_abbat_RapidILL_BOOK</setSpec><setSpec>UNIGE_ALL</setSpec><setSpec>uge_aobs_RapidILL_BOOK</setSpec><setSpec>uge_acar_RapidILL_BOOK</setSpec></header><metadata>
<record xmlns="http://www.loc.gov/MARC21/slim" xmlns:xsi="http://www.w3.org/2001/XMLSchema-instance" xsi:schemaLocation="http://www.loc.gov/MARC21/slim http://www.loc.gov/standards/marcxml/schema/MARC21slim.xsd"><leader>00851nam a2200253 c 4500</leader><controlfield tag="001">991000808229705502</controlfield><controlfield tag="005">20240320213940.0</controlfield><controlfield tag="008">070202s1813    sz ||||| m||| 00| ||lat d</controlfield><datafield ind1=" " ind2=" " tag="035"><subfield code="a">(swissbib)104703741-41slsp_network</subfield></datafield><datafield ind1=" " ind2=" " tag="035"><subfield code="a">104703741</subfield><subfield code="9">ExL</subfield></datafield><datafield ind1=" " ind2=" " tag="035"><subfield code="a">(RERO)R004322810-41slsp</subfield></datafield><datafield ind1=" " ind2=" " tag="035"><subfield code="a">(EXLNZ-41SLSP_NETWORK)991037738989705501</subfield></datafield><datafield ind1=" " ind2=" " tag="040"><subfield code="a">RERO labcuc</subfield><subfield code="d">CH-ZuSLS</subfield></datafield><datafield ind1=" " ind2="7" tag="072"><subfield code="a">th</subfield><subfield code="2">rero</subfield></datafield><datafield ind1="1" ind2=" " tag="100"><subfield code="a">Bost, Ami</subfield><subfield code="d">1790-1874</subfield><subfield code="0">(RERO)A003028983</subfield><subfield code="4">cre</subfield></datafield><datafield ind1="1" ind2="0" tag="245"><subfield code="a">Theses theologicae de Christi vaticiniis erga Hierosolymae excidium</subfield><subfield code="c">A. Bost</subfield></datafield><datafield ind1=" " ind2="1" tag="264"><subfield code="a">Genevae</subfield><subfield code="b">ex typographia successorum Bonnant</subfield><subfield code="c">1813</subfield></datafield><datafield ind1=" " ind2=" " tag="300"><subfield code="a">[11] p.</subfield></datafield><datafield ind1=" " ind2=" " tag="336"><subfield code="b">txt</subfield><subfield code="2">rdacontent</subfield></datafield><datafield ind1=" " ind2=" " tag="337"><subfield code="b">n</subfield><subfield code="2">rdamedia</subfield></datafield><datafield ind1=" " ind2=" " tag="338"><subfield code="b">nc</subfield><subfield code="2">rdacarrier</subfield></datafield><datafield ind1=" " ind2=" " tag="500"><subfield code="a">Contient également: Thèses sur le luxe</subfield></datafield><datafield ind1=" " ind2=" " tag="502"><subfield code="a">Th. théol. Genève, 1813</subfield></datafield><datafield ind1="1" ind2="2" tag="700"><subfield code="a">Bost, Ami</subfield><subfield code="d">1790-1874</subfield><subfield code="t">Thèses sur le luxe</subfield></datafield><datafield ind1=" " ind2=" " tag="900"><subfield code="a">REROswissbibnomerge</subfield></datafield></record>
</metadata></record><resumptionToken>1900-01-01@all@UNIGE_ALL@marc21@5986576310005502</resumptionToken></ListRecords></OAI-PMH>